<?xml version="1.0" encoding="UTF-8"?>
<!DOCTYPE html PUBLIC "-//W3C//DTD XHTML 1.0 Transitional//EN"
    "http://www.w3.org/TR/xhtml1/DTD/xhtml1-transitional.dtd">
<html xmlns="http://www.w3.org/1999/xhtml" xml:lang="en" lang="en">
 <head>
  <title>
</title>
<meta http-equiv="Content-Type" content="text/html;charset=utf-8" />
  <meta name='ocr-system' content='tesseract 3.04.00' />
  <meta name='ocr-capabilities' content='ocr_page ocr_carea ocr_par ocr_line ocrx_word'/>
</head>
<body>
  <div class='ocr_page' id='page_1' title='image "./depolybiifontib00valegoog_0182.png"; bbox 0 0 852 1269; ppageno 0'>
   <div class='ocr_carea' id='block_1_1' title="bbox 450 68 479 82">
    <p class='ocr_par' dir='ltr' id='par_1_1' title="bbox 450 68 479 82">
     <span class='ocr_line' id='line_1_1' title="bbox 450 68 479 82; baseline 0 0"><span class='ocrx_word' id='word_1_1' title='bbox 450 68 479 82; x_wconf 82' lang='lat'>166</span> 
     </span>
    </p>
   </div>
   <div class='ocr_carea' id='block_1_2' title="bbox 192 115 741 1034">
    <p class='ocr_par' dir='ltr' id='par_1_2' title="bbox 192 115 736 222">
     <span class='ocr_line' id='line_1_2' title="bbox 192 115 736 136; baseline 0.002 -6"><span class='ocrx_word' id='word_1_2' title='bbox 192 115 255 130; x_wconf 81' lang='lat' dir='ltr'>auxilia</span> <span class='ocrx_word' id='word_1_3' title='bbox 272 117 289 131; x_wconf 90' lang='lat' dir='ltr'>et</span> <span class='ocrx_word' id='word_1_4' title='bbox 306 115 395 135; x_wconf 80' lang='lat' dir='ltr'>pecuniam</span> <span class='ocrx_word' id='word_1_5' title='bbox 411 115 502 135; x_wconf 69' lang='lat' dir='ltr'>impetrare</span> <span class='ocrx_word' id='word_1_6' title='bbox 519 120 553 131; x_wconf 86' lang='lat' dir='ltr'>non</span> <span class='ocrx_word' id='word_1_7' title='bbox 570 118 636 136; x_wconf 82' lang='lat' dir='ltr'>posset,</span> <span class='ocrx_word' id='word_1_8' title='bbox 651 116 688 136; x_wconf 79' lang='lat' dir='ltr'>regi</span> <span class='ocrx_word' id='word_1_9' title='bbox 703 116 736 136; x_wconf 80' lang='lat' dir='ltr'>ipsi</span> 
     </span>
     <span class='ocr_line' id='line_1_3' title="bbox 192 143 736 165; baseline 0.002 -6"><span class='ocrx_word' id='word_1_10' title='bbox 192 144 260 159; x_wconf 74' lang='lat' dir='ltr'>insidias</span> <span class='ocrx_word' id='word_1_11' title='bbox 277 146 374 164; x_wconf 77' lang='lat' dir='ltr'>paraturum</span> <span class='ocrx_word' id='word_1_12' title='bbox 391 149 433 159; x_wconf 87' lang='lat' dir='ltr'>esse.</span> <span class='ocrx_word' id='word_1_13' title='bbox 449 153 470 155; x_wconf 97' lang='lat'><strong>—</strong></span> <span class='ocrx_word' id='word_1_14' title='bbox 486 144 580 164; x_wconf 75' lang='lat' dir='ltr'>Epistolam</span> <span class='ocrx_word' id='word_1_15' title='bbox 595 149 606 159; x_wconf 84' lang='lat' dir='ltr'>a</span> <span class='ocrx_word' id='word_1_16' title='bbox 617 143 685 160; x_wconf 82' lang='lat' dir='ltr'>Sosibio</span> <span class='ocrx_word' id='word_1_17' title='bbox 697 147 736 165; x_wconf 86' lang='lat' dir='ltr'>post</span> 
     </span>
     <span class='ocr_line' id='line_1_4' title="bbox 192 172 736 196; baseline 0.002 -8"><span class='ocrx_word' id='word_1_18' title='bbox 192 172 257 193; x_wconf 80' lang='lat' dir='ltr'><em>aliquot</em></span> <span class='ocrx_word' id='word_1_19' title='bbox 266 173 303 188; x_wconf 53' lang='lat' dir='ltr'>diss</span> <span class='ocrx_word' id='word_1_20' title='bbox 313 173 336 188; x_wconf 78' lang='lat' dir='ltr'>ad</span> <span class='ocrx_word' id='word_1_21' title='bbox 346 177 407 196; x_wconf 71' lang='lat' dir='ltr'>regem</span> <span class='ocrx_word' id='word_1_22' title='bbox 418 173 502 193; x_wconf 73' lang='lat' dir='ltr'>perlatam</span> <span class='ocrx_word' id='word_1_23' title='bbox 513 178 550 189; x_wconf 82' lang='lat' dir='ltr'>esse</span> <span class='ocrx_word' id='word_1_24' title='bbox 561 173 585 189; x_wconf 79' lang='lat' dir='ltr'>ait</span> <span class='ocrx_word' id='word_1_25' title='bbox 596 173 687 193; x_wconf 81' lang='lat' dir='ltr'>Polybius,</span> <span class='ocrx_word' id='word_1_26' title='bbox 697 175 736 194; x_wconf 85' lang='lat' dir='ltr'>post</span> 
     </span>
     <span class='ocr_line' id='line_1_5' title="bbox 192 202 388 222; baseline 0 -4"><span class='ocrx_word' id='word_1_27' title='bbox 192 204 271 222; x_wconf 81' lang='lat' dir='ltr'>quattuor</span> <span class='ocrx_word' id='word_1_28' title='bbox 282 202 388 218; x_wconf 76' lang='lat' dir='ltr'>Plutarchus.</span> 
     </span>
    </p>

    <p class='ocr_par' dir='ltr' id='par_1_3' title="bbox 192 230 737 338">
     <span class='ocr_line' id='line_1_6' title="bbox 214 230 736 252; baseline 0.002 -6"><span class='ocrx_word' id='word_1_29' title='bbox 214 230 258 246; x_wconf 82' lang='lat' dir='ltr'>Plut.</span> <span class='ocrx_word' id='word_1_30' title='bbox 276 235 290 246; x_wconf 78' lang='lat' dir='ltr'>n.</span> <span class='ocrx_word' id='word_1_31' title='bbox 305 231 335 250; x_wconf 77' lang='lat'>36,</span> <span class='ocrx_word' id='word_1_32' title='bbox 350 235 394 251; x_wconf 77' lang='lat' dir='ltr'>quae</span> <span class='ocrx_word' id='word_1_33' title='bbox 409 231 478 246; x_wconf 75' lang='lat' dir='ltr'>tradidit</span> <span class='ocrx_word' id='word_1_34' title='bbox 492 231 513 246; x_wconf 89' lang='lat' dir='ltr'>de</span> <span class='ocrx_word' id='word_1_35' title='bbox 527 231 626 247; x_wconf 72' lang='lat' dir='ltr'>Ptolemaeo</span> <span class='ocrx_word' id='word_1_36' title='bbox 639 230 736 252; x_wconf 84' lang='lat' dir='ltr'>Chrysexmi</span> 
     </span>
     <span class='ocr_line' id='line_1_7' title="bbox 192 259 737 281; baseline 0.002 -6"><span class='ocrx_word' id='word_1_37' title='bbox 192 259 235 278; x_wconf 80' lang='lat' dir='ltr'>filio,</span> <span class='ocrx_word' id='word_1_38' title='bbox 251 259 305 275; x_wconf 84' lang='lat' dir='ltr'>amico</span> <span class='ocrx_word' id='word_1_39' title='bbox 321 259 374 280; x_wconf 80' lang='lat' dir='ltr'>reg-is,</span> <span class='ocrx_word' id='word_1_40' title='bbox 386 260 415 280; x_wconf 90' lang='lat' dir='ltr'>qui</span> <span class='ocrx_word' id='word_1_41' title='bbox 427 265 465 276; x_wconf 88' lang='lat' dir='ltr'>cum</span> <span class='ocrx_word' id='word_1_42' title='bbox 477 260 580 280; x_wconf 73' lang='lat' dir='ltr'>aliquamdiu</span> <span class='ocrx_word' id='word_1_43' title='bbox 591 260 682 276; x_wconf 71' lang='lat' dir='ltr'>amicitiam</span> <span class='ocrx_word' id='word_1_44' title='bbox 694 265 737 281; x_wconf 80' lang='lat' dir='ltr'>ergo</span> 
     </span>
     <span class='ocr_line' id='line_1_8' title="bbox 193 288 737 307; baseline 0.002 -3"><span class='ocrx_word' id='word_1_45' title='bbox 193 288 302 304; x_wconf 81' lang='lat' dir='ltr'>Cleomenem</span> <span class='ocrx_word' id='word_1_46' title='bbox 319 288 422 307; x_wconf 72' lang='lat' dir='ltr'>simulasset,</span> <span class='ocrx_word' id='word_1_47' title='bbox 439 288 483 305; x_wconf 79' lang='lat' dir='ltr'>forte</span> <span class='ocrx_word' id='word_1_48' title='bbox 499 294 557 305; x_wconf 79' lang='lat' dir='ltr'>veram</span> <span class='ocrx_word' id='word_1_49' title='bbox 568 292 642 305; x_wconf 75' lang='lat' dir='ltr'>mentem</span> <span class='ocrx_word' id='word_1_50' title='bbox 654 289 670 305; x_wconf 84' lang='lat' dir='ltr'>ei</span> <span class='ocrx_word' id='word_1_51' title='bbox 682 292 737 305; x_wconf 87' lang='lat' dir='ltr'>osten-</span> 
     </span>
     <span class='ocr_line' id='line_1_9' title="bbox 193 317 456 338; baseline 0 -5"><span class='ocrx_word' id='word_1_52' title='bbox 193 317 251 336; x_wconf 79' lang='lat' dir='ltr'>disset,</span> <span class='ocrx_word' id='word_1_53' title='bbox 262 322 296 333; x_wconf 87' lang='lat' dir='ltr'>non</span> <span class='ocrx_word' id='word_1_54' title='bbox 307 317 456 338; x_wconf 77' lang='lat' dir='ltr'>tradit&#39;Polybius.</span> 
     </span>
    </p>

    <p class='ocr_par' dir='ltr' id='par_1_4' title="bbox 193 346 740 714">
     <span class='ocr_line' id='line_1_10' title="bbox 215 346 737 367; baseline 0.002 -5"><span class='ocrx_word' id='word_1_55' title='bbox 215 346 259 362; x_wconf 83' lang='lat' dir='ltr'>Plut.</span> <span class='ocrx_word' id='word_1_56' title='bbox 275 351 288 362; x_wconf 87' lang='lat' dir='ltr'>c.</span> <span class='ocrx_word' id='word_1_57' title='bbox 305 351 324 366; x_wconf 75' lang='lat'>37</span> <span class='ocrx_word' id='word_1_58' title='bbox 341 346 383 366; x_wconf 85' lang='lat' dir='ltr'>(Pol.</span> <span class='ocrx_word' id='word_1_59' title='bbox 397 351 411 362; x_wconf 37' lang='lat' dir='ltr'>ci</span> <span class='ocrx_word' id='word_1_60' title='bbox 424 346 450 367; x_wconf 81' lang='lat'>³9)</span> <span class='ocrx_word' id='word_1_61' title='bbox 461 347 518 362; x_wconf 86' lang='lat' dir='ltr'>omnia</span> <span class='ocrx_word' id='word_1_62' title='bbox 529 346 565 362; x_wconf 83' lang='lat' dir='ltr'>fere</span> <span class='ocrx_word' id='word_1_63' title='bbox 576 347 636 362; x_wconf 77' lang='lat' dir='ltr'>eadem</span> <span class='ocrx_word' id='word_1_64' title='bbox 647 347 679 363; x_wconf 85' lang='lat' dir='ltr'>nisi</span> <span class='ocrx_word' id='word_1_65' title='bbox 691 347 737 367; x_wconf 87' lang='lat' dir='ltr'>quod</span> 
     </span>
     <span class='ocr_line' id='line_1_11' title="bbox 193 375 737 396; baseline 0.002 -5"><span class='ocrx_word' id='word_1_66' title='bbox 193 375 275 395; x_wconf 85' lang='lat' dir='ltr'>Polybius</span> <span class='ocrx_word' id='word_1_67' title='bbox 288 376 350 391; x_wconf 85' lang='lat' dir='ltr'>multas</span> <span class='ocrx_word' id='word_1_68' title='bbox 362 380 389 391; x_wconf 79' lang='lat' dir='ltr'>res</span> <span class='ocrx_word' id='word_1_69' title='bbox 400 376 473 391; x_wconf 87' lang='lat' dir='ltr'>minores</span> <span class='ocrx_word' id='word_1_70' title='bbox 485 376 554 394; x_wconf 82' lang='lat' dir='ltr'>omittit;</span> <span class='ocrx_word' id='word_1_71' title='bbox 567 375 676 392; x_wconf 74' lang='lat' dir='ltr'>Cleomenem</span> <span class='ocrx_word' id='word_1_72' title='bbox 686 381 737 396; x_wconf 84' lang='lat' dir='ltr'>prop-</span> 
     </span>
     <span class='ocr_line' id='line_1_12' title="bbox 193 404 738 425; baseline 0.002 -5"><span class='ocrx_word' id='word_1_73' title='bbox 193 407 219 420; x_wconf 84' lang='lat' dir='ltr'>ter</span> <span class='ocrx_word' id='word_1_74' title='bbox 230 409 298 420; x_wconf 85' lang='lat' dir='ltr'>servum</span> <span class='ocrx_word' id='word_1_75' title='bbox 308 405 399 425; x_wconf 80' lang='lat' dir='ltr'>quemdam</span> <span class='ocrx_word' id='word_1_76' title='bbox 410 405 493 425; x_wconf 80' lang='lat' dir='ltr'>propositi</span> <span class='ocrx_word' id='word_1_77' title='bbox 504 405 598 424; x_wconf 78' lang='lat' dir='ltr'>conscium,</span> <span class='ocrx_word' id='word_1_78' title='bbox 610 405 638 421; x_wconf 86' lang='lat' dir='ltr'>cui</span> <span class='ocrx_word' id='word_1_79' title='bbox 647 404 738 424; x_wconf 82' lang='lat' dir='ltr'>diffideret,</span> 
     </span>
     <span class='ocr_line' id='line_1_13' title="bbox 193 433 737 455; baseline 0.002 -6"><span class='ocrx_word' id='word_1_80' title='bbox 193 433 280 454; x_wconf 78' lang='lat' dir='ltr'>aliquanto</span> <span class='ocrx_word' id='word_1_81' title='bbox 291 433 363 449; x_wconf 85' lang='lat' dir='ltr'>celerius</span> <span class='ocrx_word' id='word_1_82' title='bbox 374 439 425 454; x_wconf 78' lang='lat' dir='ltr'>quam</span> <span class='ocrx_word' id='word_1_83' title='bbox 437 436 539 450; x_wconf 83' lang='lat' dir='ltr'>conventum</span> <span class='ocrx_word' id='word_1_84' title='bbox 548 436 593 450; x_wconf 81' lang='lat' dir='ltr'>esset</span> <span class='ocrx_word' id='word_1_85' title='bbox 600 434 646 450; x_wconf 77' lang='lat' dir='ltr'>foras</span> <span class='ocrx_word' id='word_1_86' title='bbox 651 433 737 455; x_wconf 77' lang='lat' dir='ltr'>effugisse:</span> 
     </span>
     <span class='ocr_line' id='line_1_14' title="bbox 193 462 738 483; baseline 0 -5"><span class='ocrx_word' id='word_1_87' title='bbox 193 467 248 483; x_wconf 85' lang='lat' dir='ltr'>neque</span> <span class='ocrx_word' id='word_1_88' title='bbox 265 462 360 483; x_wconf 81' lang='lat' dir='ltr'>Hippotae,</span> <span class='ocrx_word' id='word_1_89' title='bbox 376 467 432 483; x_wconf 82' lang='lat' dir='ltr'>neque</span> <span class='ocrx_word' id='word_1_90' title='bbox 447 463 522 478; x_wconf 85' lang='lat' dir='ltr'>eiusdem</span> <span class='ocrx_word' id='word_1_91' title='bbox 535 462 630 479; x_wconf 76' lang='lat' dir='ltr'>Ptolemaei</span> <span class='ocrx_word' id='word_1_92' title='bbox 642 462 738 483; x_wconf 80' lang='lat' dir='ltr'>Chrysei-mi</span> 
     </span>
     <span class='ocr_line' id='line_1_15' title="bbox 193 491 739 513; baseline 0.002 -6"><span class='ocrx_word' id='word_1_93' title='bbox 193 491 226 507; x_wconf 88' lang='lat' dir='ltr'>hoc</span> <span class='ocrx_word' id='word_1_94' title='bbox 245 492 284 507; x_wconf 87' lang='lat' dir='ltr'>loco</span> <span class='ocrx_word' id='word_1_95' title='bbox 305 492 407 513; x_wconf 67' lang='lat' dir='ltr'>mentionem</span> <span class='ocrx_word' id='word_1_96' title='bbox 428 491 469 508; x_wconf 74' lang='lat' dir='ltr'>facit</span> <span class='ocrx_word' id='word_1_97' title='bbox 485 491 575 512; x_wconf 83' lang='lat' dir='ltr'>Polybius;</span> <span class='ocrx_word' id='word_1_98' title='bbox 592 492 663 508; x_wconf 77' lang='lat' dir='ltr'>eaedem</span> <span class='ocrx_word' id='word_1_99' title='bbox 680 494 739 508; x_wconf 77' lang='lat' dir='ltr'>contra</span> 
     </span>
     <span class='ocr_line' id='line_1_16' title="bbox 195 520 739 541; baseline 0 -5"><span class='ocrx_word' id='word_1_100' title='bbox 195 520 288 536; x_wconf 77' lang='lat' dir='ltr'>Ptolemaei</span> <span class='ocrx_word' id='word_1_101' title='bbox 302 521 340 536; x_wconf 84' lang='lat' dir='ltr'>urbi</span> <span class='ocrx_word' id='word_1_102' title='bbox 351 520 433 541; x_wconf 80' lang='lat' dir='ltr'>praefecti</span> <span class='ocrx_word' id='word_1_103' title='bbox 444 523 515 541; x_wconf 88' lang='lat' dir='ltr'>uterque</span> <span class='ocrx_word' id='word_1_104' title='bbox 527 521 584 539; x_wconf 72' lang='lat' dir='ltr'>tradit3</span> <span class='ocrx_word' id='word_1_105' title='bbox 596 521 679 541; x_wconf 80' lang='lat' dir='ltr'>Polybius</span> <span class='ocrx_word' id='word_1_106' title='bbox 690 520 739 537; x_wconf 76' lang='lat' dir='ltr'>aliter</span> 
     </span>
     <span class='ocr_line' id='line_1_17' title="bbox 194 549 739 566; baseline 0 -1"><span class='ocrx_word' id='word_1_107' title='bbox 194 552 211 565; x_wconf 85' lang='lat' dir='ltr'>et</span> <span class='ocrx_word' id='word_1_108' title='bbox 226 549 294 565; x_wconf 81' lang='lat' dir='ltr'>brevius</span> <span class='ocrx_word' id='word_1_109' title='bbox 309 552 366 565; x_wconf 75' lang='lat' dir='ltr'>narrat</span> <span class='ocrx_word' id='word_1_110' title='bbox 381 549 491 565; x_wconf 84' lang='lat' dir='ltr'>Cleomenem</span> <span class='ocrx_word' id='word_1_111' title='bbox 506 554 592 565; x_wconf 81' lang='lat' dir='ltr'>carcerem</span> <span class='ocrx_word' id='word_1_112' title='bbox 603 550 620 565; x_wconf 85' lang='lat' dir='ltr'>in</span> <span class='ocrx_word' id='word_1_113' title='bbox 632 555 671 566; x_wconf 79' lang='lat' dir='ltr'>arce</span> <span class='ocrx_word' id='word_1_114' title='bbox 683 549 739 565; x_wconf 84' lang='lat' dir='ltr'>effrin-</span> 
     </span>
     <span class='ocr_line' id='line_1_18' title="bbox 194 578 738 599; baseline 0 -5"><span class='ocrx_word' id='word_1_115' title='bbox 194 583 236 599; x_wconf 82' lang='lat' dir='ltr'>gere</span> <span class='ocrx_word' id='word_1_116' title='bbox 251 580 269 594; x_wconf 79' lang='lat' dir='ltr'>et</span> <span class='ocrx_word' id='word_1_117' title='bbox 280 578 357 599; x_wconf 81' lang='lat' dir='ltr'>captivos</span> <span class='ocrx_word' id='word_1_118' title='bbox 368 578 441 594; x_wconf 82' lang='lat' dir='ltr'>liberare</span> <span class='ocrx_word' id='word_1_119' title='bbox 452 578 514 594; x_wconf 82' lang='lat' dir='ltr'>frustra</span> <span class='ocrx_word' id='word_1_120' title='bbox 525 581 605 594; x_wconf 81' lang='lat' dir='ltr'>conatum</span> <span class='ocrx_word' id='word_1_121' title='bbox 616 584 662 597; x_wconf 76' lang='lat' dir='ltr'>esse:</span> <span class='ocrx_word' id='word_1_122' title='bbox 674 578 738 594; x_wconf 79' lang='lat' dir='ltr'>dictum</span> 
     </span>
     <span class='ocr_line' id='line_1_19' title="bbox 194 606 739 628; baseline 0 -5"><span class='ocrx_word' id='word_1_123' title='bbox 194 607 279 627; x_wconf 76' lang='lat' dir='ltr'>quoddam</span> <span class='ocrx_word' id='word_1_124' title='bbox 295 606 397 626; x_wconf 80' lang='lat' dir='ltr'>Cleomenis.</span> <span class='ocrx_word' id='word_1_125' title='bbox 412 610 485 623; x_wconf 84' lang='lat' dir='ltr'>mortem</span> <span class='ocrx_word' id='word_1_126' title='bbox 499 607 586 628; x_wconf 78' lang='lat' dir='ltr'>Hippotae</span> <span class='ocrx_word' id='word_1_127' title='bbox 598 610 615 623; x_wconf 93' lang='lat' dir='ltr'>et</span> <span class='ocrx_word' id='word_1_128' title='bbox 626 607 686 623; x_wconf 83' lang='lat' dir='ltr'>Pantei</span> <span class='ocrx_word' id='word_1_129' title='bbox 698 607 739 623; x_wconf 91' lang='lat' dir='ltr'>omi-</span> 
     </span>
     <span class='ocr_line' id='line_1_20' title="bbox 194 636 739 657; baseline 0 -5"><span class='ocrx_word' id='word_1_130' title='bbox 194 636 216 652; x_wconf 85' lang='lat' dir='ltr'>sit</span> <span class='ocrx_word' id='word_1_131' title='bbox 232 636 323 657; x_wconf 87' lang='lat' dir='ltr'>(utriusque</span> <span class='ocrx_word' id='word_1_132' title='bbox 340 637 390 652; x_wconf 78' lang='lat' dir='ltr'>huius</span> <span class='ocrx_word' id='word_1_133' title='bbox 405 637 437 652; x_wconf 86' lang='lat' dir='ltr'>viri</span> <span class='ocrx_word' id='word_1_134' title='bbox 452 637 510 657; x_wconf 86' lang='lat' dir='ltr'>paullo</span> <span class='ocrx_word' id='word_1_135' title='bbox 525 639 565 653; x_wconf 80' lang='lat' dir='ltr'>ante</span> <span class='ocrx_word' id='word_1_136' title='bbox 580 637 683 653; x_wconf 84' lang='lat' dir='ltr'>mentionem</span> <span class='ocrx_word' id='word_1_137' title='bbox 699 636 739 653; x_wconf 79' lang='lat' dir='ltr'>fecit</span> 
     </span>
     <span class='ocr_line' id='line_1_21' title="bbox 194 664 740 686; baseline 0.002 -6"><span class='ocrx_word' id='word_1_138' title='bbox 194 664 284 685; x_wconf 81' lang='lat' dir='ltr'>Polybius,</span> <span class='ocrx_word' id='word_1_139' title='bbox 306 670 320 681; x_wconf 83' lang='lat' dir='ltr'>c.</span> <span class='ocrx_word' id='word_1_140' title='bbox 341 670 361 685; x_wconf 77' lang='lat'>37</span> <span class='ocrx_word' id='word_1_141' title='bbox 383 666 391 684; x_wconf 68' lang='grc' dir='ltr'><strong>ς</strong></span> <span class='ocrx_word' id='word_1_142' title='bbox 409 666 427 684; x_wconf 86' lang='grc'>8,</span> <span class='ocrx_word' id='word_1_143' title='bbox 445 666 475 681; x_wconf 83' lang='lat' dir='ltr'>sed</span> <span class='ocrx_word' id='word_1_144' title='bbox 492 665 578 686; x_wconf 77' lang='lat' dir='ltr'>Hippotas</span> <span class='ocrx_word' id='word_1_145' title='bbox 595 666 640 686; x_wconf 81' lang='lat' dir='ltr'>apud</span> <span class='ocrx_word' id='word_1_146' title='bbox 658 670 696 681; x_wconf 86' lang='lat' dir='ltr'>eum</span> <span class='ocrx_word' id='word_1_147' title='bbox 714 668 740 681; x_wconf 86' lang='lat' dir='ltr'>est</span> 
     </span>
     <span class='ocr_line' id='line_1_22' title="bbox 194 693 276 714; baseline 0.012 -5"><span class='ocrx_word' id='word_1_148' title='bbox 194 693 276 714; x_wconf 72' lang='lat' dir='ltr'>Hippias).</span> 
     </span>
    </p>

    <p class='ocr_par' dir='ltr' id='par_1_5' title="bbox 195 723 740 773">
     <span class='ocr_line' id='line_1_23' title="bbox 217 723 740 744; baseline 0 -5"><span class='ocrx_word' id='word_1_149' title='bbox 217 723 262 739; x_wconf 69' lang='lat' dir='ltr'>Plut</span> <span class='ocrx_word' id='word_1_150' title='bbox 279 728 293 739; x_wconf 82' lang='lat' dir='ltr'>c.</span> <span class='ocrx_word' id='word_1_151' title='bbox 311 728 341 743; x_wconf 71' lang='lat'>35,</span> <span class='ocrx_word' id='word_1_152' title='bbox 359 726 416 739; x_wconf 83' lang='lat' dir='ltr'>narrat</span> <span class='ocrx_word' id='word_1_153' title='bbox 431 723 532 744; x_wconf 84' lang='lat' dir='ltr'>supplicium</span> <span class='ocrx_word' id='word_1_154' title='bbox 547 723 605 739; x_wconf 86' lang='lat' dir='ltr'>matris</span> <span class='ocrx_word' id='word_1_155' title='bbox 620 726 637 739; x_wconf 83' lang='lat' dir='ltr'>et</span> <span class='ocrx_word' id='word_1_156' title='bbox 648 723 740 739; x_wconf 82' lang='lat' dir='ltr'>liberorum</span> 
     </span>
     <span class='ocr_line' id='line_1_24' title="bbox 195 752 522 773; baseline 0 -5"><span class='ocrx_word' id='word_1_157' title='bbox 195 752 299 771; x_wconf 78' lang='lat' dir='ltr'>Cleomenis,</span> <span class='ocrx_word' id='word_1_158' title='bbox 310 753 356 773; x_wconf 81' lang='lat' dir='ltr'>quod</span> <span class='ocrx_word' id='word_1_159' title='bbox 367 752 424 768; x_wconf 83' lang='lat' dir='ltr'>omisit</span> <span class='ocrx_word' id='word_1_160' title='bbox 435 752 522 773; x_wconf 80' lang='lat' dir='ltr'>Polybius.</span> 
     </span>
    </p>

    <p class='ocr_par' dir='ltr' id='par_1_6' title="bbox 195 781 741 1034">
     <span class='ocr_line' id='line_1_25' title="bbox 217 781 739 802; baseline 0 -5"><span class='ocrx_word' id='word_1_161' title='bbox 217 781 254 796; x_wconf 85' lang='lat' dir='ltr'>Iam</span> <span class='ocrx_word' id='word_1_162' title='bbox 269 781 333 797; x_wconf 80' lang='lat' dir='ltr'>clarum</span> <span class='ocrx_word' id='word_1_163' title='bbox 345 783 371 797; x_wconf 82' lang='lat' dir='ltr'>est</span> <span class='ocrx_word' id='word_1_164' title='bbox 382 781 493 797; x_wconf 74' lang='lat' dir='ltr'>Plutarchum</span> <span class='ocrx_word' id='word_1_165' title='bbox 503 786 538 797; x_wconf 86' lang='lat' dir='ltr'>non</span> <span class='ocrx_word' id='word_1_166' title='bbox 549 786 559 797; x_wconf 90' lang='lat' dir='ltr'>e</span> <span class='ocrx_word' id='word_1_167' title='bbox 570 781 644 802; x_wconf 88' lang='lat' dir='ltr'>Polybio</span> <span class='ocrx_word' id='word_1_168' title='bbox 655 781 739 800; x_wconf 80' lang='lat' dir='ltr'>hausisse,</span> 
     </span>
     <span class='ocr_line' id='line_1_26' title="bbox 195 810 740 831; baseline 0 -5"><span class='ocrx_word' id='word_1_169' title='bbox 195 810 226 826; x_wconf 84' lang='lat' dir='ltr'>sed</span> <span class='ocrx_word' id='word_1_170' title='bbox 243 810 309 830; x_wconf 83' lang='lat' dir='ltr'>utrique</span> <span class='ocrx_word' id='word_1_171' title='bbox 326 811 398 826; x_wconf 86' lang='lat' dir='ltr'>eundem</span> <span class='ocrx_word' id='word_1_172' title='bbox 414 812 501 826; x_wconf 74' lang='lat' dir='ltr'>auctorem</span> <span class='ocrx_word' id='word_1_173' title='bbox 516 810 575 829; x_wconf 84' lang='lat' dir='ltr'>fuisse.</span> <span class='ocrx_word' id='word_1_174' title='bbox 590 815 641 830; x_wconf 86' lang='lat' dir='ltr'>quem</span> <span class='ocrx_word' id='word_1_175' title='bbox 658 810 740 831; x_wconf 86' lang='lat' dir='ltr'>Polybius</span> 
     </span>
     <span class='ocr_line' id='line_1_27' title="bbox 196 839 740 860; baseline 0 -5"><span class='ocrx_word' id='word_1_176' title='bbox 196 839 267 855; x_wconf 85' lang='lat' dir='ltr'>mutavit</span> <span class='ocrx_word' id='word_1_177' title='bbox 278 839 300 860; x_wconf 87' lang='lat' dir='ltr'>(in</span> <span class='ocrx_word' id='word_1_178' title='bbox 315 839 366 855; x_wconf 88' lang='lat' dir='ltr'>rebus</span> <span class='ocrx_word' id='word_1_179' title='bbox 381 839 483 860; x_wconf 81' lang='lat' dir='ltr'>Nicagorae)</span> <span class='ocrx_word' id='word_1_180' title='bbox 498 842 516 855; x_wconf 82' lang='lat' dir='ltr'>et</span> <span class='ocrx_word' id='word_1_181' title='bbox 531 839 620 855; x_wconf 69' lang='lat' dir='ltr'>contraxit</span> <span class='ocrx_word' id='word_1_182' title='bbox 643 839 686 855; x_wconf 89' lang='lat' dir='ltr'>Eum</span> <span class='ocrx_word' id='word_1_183' title='bbox 701 844 740 855; x_wconf 83' lang='lat' dir='ltr'>auc-</span> 
     </span>
     <span class='ocr_line' id='line_1_28' title="bbox 195 868 740 889; baseline 0 -5"><span class='ocrx_word' id='word_1_184' title='bbox 195 871 250 884; x_wconf 81' lang='lat' dir='ltr'>torem</span> <span class='ocrx_word' id='word_1_185' title='bbox 264 868 379 889; x_wconf 77' lang='lat' dir='ltr'>Phylarchum</span> <span class='ocrx_word' id='word_1_186' title='bbox 393 873 431 884; x_wconf 77' lang='lat' dir='ltr'>esse</span> <span class='ocrx_word' id='word_1_187' title='bbox 442 868 474 884; x_wconf 83' lang='lat' dir='ltr'>has</span> <span class='ocrx_word' id='word_1_188' title='bbox 485 869 507 884; x_wconf 89' lang='lat' dir='ltr'>ob</span> <span class='ocrx_word' id='word_1_189' title='bbox 519 873 579 884; x_wconf 80' lang='lat' dir='ltr'>causas</span> <span class='ocrx_word' id='word_1_190' title='bbox 590 870 655 884; x_wconf 78' lang='lat' dir='ltr'>statuo:</span> <span class='ocrx_word' id='word_1_191' title='bbox 666 868 740 884; x_wconf 68' lang='lat' dir='ltr'>narratio</span> 
     </span>
     <span class='ocr_line' id='line_1_29' title="bbox 196 896 740 918; baseline 0 -5"><span class='ocrx_word' id='word_1_192' title='bbox 196 897 283 913; x_wconf 73' lang='lat' dir='ltr'>Plutarchi</span> <span class='ocrx_word' id='word_1_193' title='bbox 300 902 329 913; x_wconf 82' lang='lat' dir='ltr'>eos</span> <span class='ocrx_word' id='word_1_194' title='bbox 347 897 413 913; x_wconf 77' lang='lat' dir='ltr'>colores</span> <span class='ocrx_word' id='word_1_195' title='bbox 429 902 471 918; x_wconf 82' lang='lat' dir='ltr'>prae</span> <span class='ocrx_word' id='word_1_196' title='bbox 486 902 504 913; x_wconf 83' lang='lat' dir='ltr'>se</span> <span class='ocrx_word' id='word_1_197' title='bbox 521 896 554 913; x_wconf 78' lang='lat' dir='ltr'>fert</span> <span class='ocrx_word' id='word_1_198' title='bbox 568 902 611 917; x_wconf 90' lang='lat' dir='ltr'>quos</span> <span class='ocrx_word' id='word_1_199' title='bbox 626 896 740 918; x_wconf 72' lang='lat' dir='ltr'>Phylarchum</span> 
     </span>
     <span class='ocr_line' id='line_1_30' title="bbox 197 926 741 947; baseline 0 -5"><span class='ocrx_word' id='word_1_200' title='bbox 197 926 285 942; x_wconf 80' lang='lat' dir='ltr'>adamasse</span> <span class='ocrx_word' id='word_1_201' title='bbox 301 926 370 945; x_wconf 72' lang='lat' dir='ltr'>scimus3</span> <span class='ocrx_word' id='word_1_202' title='bbox 386 931 430 947; x_wconf 80' lang='lat' dir='ltr'>quae</span> <span class='ocrx_word' id='word_1_203' title='bbox 445 927 467 942; x_wconf 83' lang='lat' dir='ltr'>de</span> <span class='ocrx_word' id='word_1_204' title='bbox 482 926 568 947; x_wconf 81' lang='lat' dir='ltr'>Nicagora</span> <span class='ocrx_word' id='word_1_205' title='bbox 582 926 634 942; x_wconf 78' lang='lat' dir='ltr'>tradit</span> <span class='ocrx_word' id='word_1_206' title='bbox 649 926 741 942; x_wconf 68' lang='lat' dir='ltr'>cohaerent</span> 
     </span>
     <span class='ocr_line' id='line_1_31' title="bbox 197 955 741 976; baseline -0.002 -5"><span class='ocrx_word' id='word_1_207' title='bbox 197 960 235 971; x_wconf 85' lang='lat' dir='ltr'>cum</span> <span class='ocrx_word' id='word_1_208' title='bbox 247 955 339 976; x_wconf 78' lang='lat' dir='ltr'>Phylarchi</span> <span class='ocrx_word' id='word_1_209' title='bbox 351 955 440 971; x_wconf 80' lang='lat' dir='ltr'>traditione</span> <span class='ocrx_word' id='word_1_210' title='bbox 451 955 473 971; x_wconf 81' lang='lat' dir='ltr'>de</span> <span class='ocrx_word' id='word_1_211' title='bbox 485 957 539 971; x_wconf 84' lang='lat' dir='ltr'>morte</span> <span class='ocrx_word' id='word_1_212' title='bbox 551 955 658 973; x_wconf 67' lang='lat' dir='ltr'>Archidami:</span> <span class='ocrx_word' id='word_1_213' title='bbox 668 955 741 975; x_wconf 87' lang='lat' dir='ltr'>denique</span> 
     </span>
     <span class='ocr_line' id='line_1_32' title="bbox 197 984 741 1005; baseline -0.002 -5"><span class='ocrx_word' id='word_1_214' title='bbox 197 987 268 1000; x_wconf 85' lang='lat' dir='ltr'>mortem</span> <span class='ocrx_word' id='word_1_215' title='bbox 284 984 367 1005; x_wconf 79' lang='lat' dir='ltr'>Antigoni</span> <span class='ocrx_word' id='word_1_216' title='bbox 383 985 444 1000; x_wconf 82' lang='lat' dir='ltr'>eodem</span> <span class='ocrx_word' id='word_1_217' title='bbox 458 984 509 1000; x_wconf 84' lang='lat' dir='ltr'>modo</span> <span class='ocrx_word' id='word_1_218' title='bbox 524 984 603 1005; x_wconf 86' lang='lat' dir='ltr'>exposuit</span> <span class='ocrx_word' id='word_1_219' title='bbox 614 984 696 1004; x_wconf 90' lang='lat' dir='ltr'>Polybius</span> <span class='ocrx_word' id='word_1_220' title='bbox 707 988 741 1004; x_wconf 89' lang='lat' dir='ltr'>quo</span> 
     </span>
     <span class='ocr_line' id='line_1_33' title="bbox 198 1012 698 1034; baseline 0 -5"><span class='ocrx_word' id='word_1_221' title='bbox 198 1013 307 1032; x_wconf 72' lang='lat' dir='ltr'>Plutarchus,</span> <span class='ocrx_word' id='word_1_222' title='bbox 319 1016 336 1029; x_wconf 84' lang='lat' dir='ltr'>et</span> <span class='ocrx_word' id='word_1_223' title='bbox 348 1014 362 1029; x_wconf 89' lang='lat' dir='ltr'>is</span> <span class='ocrx_word' id='word_1_224' title='bbox 373 1013 488 1034; x_wconf 81' lang='lat' dir='ltr'>Phylarchum</span> <span class='ocrx_word' id='word_1_225' title='bbox 500 1016 587 1029; x_wconf 82' lang='lat' dir='ltr'>auctorem</span> <span class='ocrx_word' id='word_1_226' title='bbox 598 1013 674 1029; x_wconf 87' lang='lat' dir='ltr'>nominat</span> <span class='ocrx_word' id='word_1_227' title='bbox 683 1012 698 1033; x_wconf 84' lang='lat'>¹).</span> 
     </span>
    </p>
   </div>
   <div class='ocr_carea' id='block_1_3' title="bbox 203 1054 268 1055">
    <p class='ocr_par' dir='ltr' id='par_1_7' title="bbox 203 1054 268 1055">
     <span class='ocr_line' id='line_1_34' title="bbox 203 1054 268 1055; baseline 0 0"><span class='ocrx_word' id='word_1_228' title='bbox 203 1054 268 1055; x_wconf 95' lang='lat' dir='ltr'> </span> 
     </span>
    </p>
   </div>
   <div class='ocr_carea' id='block_1_4' title="bbox 220 1077 554 1097">
    <p class='ocr_par' dir='ltr' id='par_1_8' title="bbox 220 1077 554 1097">
     <span class='ocr_line' id='line_1_35' title="bbox 220 1077 554 1097; baseline -0.003 -5"><span class='ocrx_word' id='word_1_229' title='bbox 220 1077 230 1097; x_wconf 82' lang='lat'>¹)</span> <span class='ocrx_word' id='word_1_230' title='bbox 240 1078 271 1093; x_wconf 44' lang='lat' dir='ltr'>Pol&lt;</span> <span class='ocrx_word' id='word_1_231' title='bbox 283 1078 301 1092; x_wconf 88' lang='lat' dir='ltr'>IL</span> <span class='ocrx_word' id='word_1_232' title='bbox 313 1082 332 1096; x_wconf 84' lang='lat'>7⁰</span> <span class='ocrx_word' id='word_1_233' title='bbox 342 1079 349 1096; x_wconf 62' lang='grc' dir='ltr'><strong>ξ</strong></span> <span class='ocrx_word' id='word_1_234' title='bbox 360 1078 377 1096; x_wconf 81' lang='grc'>6;</span> <span class='ocrx_word' id='word_1_235' title='bbox 388 1078 422 1092; x_wconf 79' lang='lat' dir='ltr'>Plut</span> <span class='ocrx_word' id='word_1_236' title='bbox 438 1077 493 1093; x_wconf 62' lang='lat' dir='ltr'>Cleom,</span> <span class='ocrx_word' id='word_1_237' title='bbox 505 1082 518 1092; x_wconf 41' lang='lat' dir='ltr'>ci</span> <span class='ocrx_word' id='word_1_238' title='bbox 530 1082 554 1096; x_wconf 82' lang='lat'>30.</span> 
     </span>
    </p>
   </div>
  </div>
 </body>
</html>
