852 1269
363 87 394 101 ²03

106 135 116 145 e
130 129 204 145 fontibus
216 130 290 145 Rhodiis
301 130 380 145 haustum
391 132 421 145 est.
444 130 488 145 Nam
500 135 538 145 cum
550 130 599 145 huius
610 130 653 146 belli

106 159 151 179 apud
167 158 258 179 Polybium
269 159 329 174 brevia
340 161 405 175 tantum
417 161 477 175 extent
488 158 585 179 frag-menta
596 158 653 179 (XXI.

106 193 120 203 c.
137 187 159 208 5),
174 187 248 203 narratio
264 187 315 206 Livii,
330 188 359 208 qui
374 187 435 204 Latine
451 193 490 203 eum
505 188 597 208 expressit,
608 188 653 204 hanc

106 216 189 237 originem
205 216 251 232 clare
267 217 346 233 ostendit.
373 217 481 232 Rhodiorum
496 217 556 233 classis
571 222 620 232 casus
636 219 654 233 et

106 250 133 261 res
145 248 205 266 gestae
216 245 308 266 diligenter
319 248 415 265 narrantur,
426 246 502 262 Romani
513 251 543 262 eos
551 245 653 262 comitantur

106 277 124 290 et
140 274 214 290 minores
229 277 288 295 partes
304 277 366 295 agunt;
382 280 409 291 res
425 275 476 291 etiam
492 275 614 291 minutissimae
631 275 654 290 ad

105 303 185 320 Rhodios
196 304 301 324 pertinentes
308 304 400 325 diligenter
407 306 516 320 recensentur
521 303 565 324 <Lim
572 303 653 320 XXXH.

105 338 119 349 c.
139 334 202 352 8—323
222 333 256 349 duo
273 333 338 353 capita,
356 338 377 349 20
394 335 411 349 et
430 339 459 352 21,
474 333 535 354 quibus
550 338 577 349 res
592 328 653 354 gestae

106 362 201 382 Diophanis
219 364 236 378 et
253 362 363 378 Achaeorum
381 362 403 378 ad
418 362 522 383 Pergamum
539 362 653 381 continentur,

106 391 128 406 ad
140 391 248 407 traditionem
259 391 354 407 Achaicam
365 393 412 407 recte
423 390 525 411 referuntur)
535 390 551 411 ¹).

128 420 196 436 Deinde
211 424 239 436 τω
253 425 264 435 a
278 419 387 440 Scipionibus
398 420 415 436 in
427 420 500 436 Graecia
511 423 529 436 et
540 420 583 436 Asia
594 422 653 441 gestas

106 449 153 464 annis
173 450 259 469 τρο-189
276 448 301 469 (P.
317 454 344 469 ap.
359 449 395 465 Livi
411 449 508 465 XXXV'H.
523 454 538 465 c.
554 451 564 465 ⁶
575 451 597 465 et
610 454 627 469 7;
639 454 653 465 c.

106 483 180 497 33—45;
192 477 211 493 P.
223 478 274 494 XXI.
287 483 300 494 c.
313 483 322 493 z
335 483 367 498 sq.;
380 483 394 494 c.
406 477 467 498 9—13)
479 478 507 494 uni
519 478 561 494 fonn'
571 478 653 494 adscribo.

105 506 281 523 Animadvertendum
295 509 321 523 est
332 507 377 523 husu:
389 508 474 523 auctorem
486 507 578 528 diligenter
589 512 653 528 cog-no-

105 536 151 551 visse
162 536 244 556 quidquid
255 536 279 552 ad
288 536 308 552 R
321 535 414 557 Scipionem
425 537 523 557 pertineret.
546 536 599 552 Novit
609 536 653 557 epis-

106 565 160 581 tolam
176 570 186 581 a
198 564 279 586 Scipione
290 565 313 581 ad
325 565 396 581 Prusian
407 565 474 584 datam,
485 570 519 586 qua
530 565 575 581 hunc
586 571 597 581 e
607 568 654 581 metu

105 594 223 610 Romanorum
237 594 312 610 eximere
327 594 392 610 studuit
403 594 428 615 (P.
440 599 454 610 e.
466 595 487 615 9).
509 594 562 610 Novit
573 595 654 610 mandata

105 623 202 639 Heraclidis
224 623 278 644 legati
296 623 379 640 Antiochi
397 624 420 639 ad
439 623 526 640 consulem
545 628 580 640 non
598 624 654 640 solum

106 652 183 673 publica,
200 653 231 668 sed
248 653 299 669 edam
314 653 395 669 mandata
410 653 477 673 privata
492 655 509 669 et
523 655 589 669 secreta
601 653 623 669 ad
634 653 653 669 P.

105 681 204 702 Scipionem
215 681 240 702 (P.
252 686 266 697 e.
281 687 300 697 ιο
311 683 319 701 g
332 683 350 701 ⁶5
362 687 376 697 c.
391 687 407 697 11
421 683 429 701 5
442 687 460 702 ᾳς
472 687 486 698 c.
501 681 530 701 τε),
542 682 653 698 Novitetiam

106 711 147 731 quid
163 710 181 726 in
199 710 285 731 colloquio
302 715 364 726 arcano
381 711 426 727 clam
443 711 531 727 Heraclidi
547 711 654 731 responderit

105 739 164 760 Scipio
175 739 200 760 (P.
212 744 226 755 c.
241 739 271 758 12).
289 739 333 755 Eum
344 739 409 756 fontem
420 739 518 755 Romanum
526 745 564 756 esse
572 740 654 756 credibile

106 768 125 784 fit
139 774 149 784 e
164 769 201 784 Pol.
217 774 231 784 c.
246 773 273 787 10,
285 769 314 784 ubi
326 773 394 784 causam
406 774 436 785 cur
447 769 467 784 P.
479 768 538 789 Scipio
548 769 624 785 nondum
635 769 653 785 in

105 797 165 813 Asiam
186 800 293 814 transvectus
313 800 359 813 esset
377 798 421 813 hanc
440 797 492 813 fixisse
511 798 588 817 additur,
607 798 654 818 quod

105 827 157 843 salius
173 829 228 845 esset;
243 829 261 842 et
276 827 298 842 de
313 826 360 842 saliis
371 827 421 847 plura
432 829 540 847 exponuntur
551 825 618 847 (Polyb.
630 827 654 843 ibi

105 856 128 872 ad
145 856 182 872 libr.
199 861 248 876 suum
263 855 293 871 VI.
309 856 392 872 lectorem
408 855 482 876 relegat)
497 856 555 876 qualia
568 861 654 877 nunquam

106 885 180 906 legimus
191 885 221 901 ubi
232 888 302 901 auctore
313 890 377 906 graeco
388 885 441 901 utitur
451 885 539 906 Polybius.

128 914 173 930 Belli
180 919 219 930 curn
227 913 346 935 Gallograecis
354 914 399 935 gesti
405 913 426 934 (ai
435 916 470 934 189.
476 914 495 930 P.
501 919 516 930 a*
522 914 541 930 L.
548 914 654 931 xxxvm.

106 949 120 960 c.
134 948 196 963 12—27
209 942 279 964 (exepto
291 948 305 959 c.
319 944 345 965 ¹7)
358 943 377 959 P.
389 943 449 959 XXJI.
461 948 475 959 c.
489 942 560 964 14—19)
573 944 654 965 egregius

106 972 179 993 Polybio
193 974 252 988 auctor
263 972 300 991 fuit,
312 977 364 993 quem
375 972 412 992 ipse
424 972 475 988 etiam
487 977 518 988 sua
529 973 606 989 doctrina
617 972 652 993 (cfr.

106 1002 125 1017 P.
144 1007 158 1017 a.
175 1001 194 1017 L.
213 1007 227 1017 e.
247 1000 273 1021 16)
290 1004 307 1017 et
324 1002 385 1022 peritia
401 1002 470 1018 militari
486 1002 579 1018 exornavit.
608 1002 654 1018 Fieri

108 1033 165 1051 potest
182 1033 201 1046 ut
216 1031 259 1047 haec
274 1031 348 1046 narratio
363 1031 426 1046 nitatur
441 1031 531 1047 traditione
543 1031 614 1047 alicuius
625 1031 654 1052 qui

128 1094 138 1114 ¹)
149 1094 183 1108 Vidr
194 1094 247 1109 Nissen
257 1094 296 1109 Krlt.
308 1095 367 1109 Unters,
378 1099 393 1113 p.
408 1099 491 1113 191—194.
