852 1269
454 84 486 94 220

220 127 244 143 Ut
256 127 278 142 ad
289 127 319 143 illa
330 126 400 143 foedera
412 129 495 146 revertar,
507 132 566 143 eorum
577 127 669 143 auctoritas
680 133 702 143 ne
713 128 745 144 hac

197 156 266 176 quidem
277 156 342 172 ratione
354 156 470 177 impugnanda
482 161 519 172 esse
531 156 572 172 mihi
583 156 659 175 videtur,
670 159 689 172 ut
701 157 745 172 coni-

197 185 232 201 cias
244 185 335 205 Polybium
347 190 369 201 ee
380 190 390 201 e
401 185 448 201 libris
460 185 503 201 alius
514 185 602 201 cuiusdam
611 185 684 201 auctoris
692 186 746 202 mino-

196 214 219 229 ris
235 213 275 230 fidei
291 214 406 235 exscripsisse.
429 214 467 230 Non
482 214 538 230 solum
553 214 606 230 verba
621 214 689 235 Polybii
705 215 746 231 satis

196 243 242 259 cla-re
256 243 358 259 contrarium
372 243 453 262 ind-icant.
465 243 496 259 sed
507 243 559 259 edam
571 248 629 259 omnes
641 244 746 260 recentiores

195 275 275 288 auctores
286 272 334 288 latini
346 277 389 293 quos
400 272 486 291 novimus,
497 272 515 288 in
527 272 633 293 exponendis
641 273 696 288 causis
703 273 745 289 belli

195 301 256 317 Punici
271 301 321 322 primi
337 303 394 317 errant
409 301 448 317 ideo
465 301 511 322 quod
522 306 556 317 non
567 301 609 317 satis
619 304 745 322 perspexerunt

196 335 240 351 quae
257 330 327 346 foedera
344 330 479 346 intercessissent
494 330 578 346 Romanis
593 333 611 346 et
626 330 689 346 Poenis
705 333 745 347 ante

195 359 264 375 bellum.
282 359 364 375 Catonem
376 362 423 375 certe
434 360 478 375 haec
489 364 516 375 res
527 359 596 378 fefellit,
608 362 626 375 et
637 360 676 375 ideo
684 365 744 380 pamm

196 388 278 405 credibile
293 388 361 404 videtur
376 393 414 404 eurn
430 389 474 404 haee
489 388 558 404 foedera
572 388 589 404 in
603 388 660 404 lucem
671 389 744 405 edidisse

195 420 213 433 et
228 417 250 433 ab
262 422 283 433 eo
295 417 387 438 Polybium
399 422 420 433 ea
431 417 538 438 cog-novisse.
562 417 592 433 Ait
604 417 658 433 enirn:
671 418 715 436 „duo
727 420 744 434 et

194 446 276 462 vicesimo
288 451 333 462 anno
345 449 384 467 post
395 446 482 462 dimissum
494 446 566 465 bellum,
578 447 625 467 quod
636 449 716 467 quattuor
726 449 743 462 et

195 475 257 496 vig-inu*
272 480 325 491 annos
340 475 380 494 fuit,
396 475 546 496 Carthaginienses
562 478 629 492 sexmm
641 476 663 491 de
674 475 744 491 foedere

196 504 293 520 deeessere”
303 503 317 524 ¹).
341 504 384 521 Cato
399 504 414 520 si
428 504 499 520 foedera
513 504 535 520 ad
547 504 603 520 lucem
614 504 651 525 ipse
663 505 743 525 traxisset

195 534 228 550 hoc
244 533 301 549 dicere
316 538 350 549 non
365 533 455 554 potuisset,
471 538 511 549 nam
523 538 544 549 ea
555 533 625 549 foedera
634 539 720 554 nunquam
732 539 743 549 a

196 562 364 583 Carthaginiensibus
378 562 444 578 violata.
458 565 504 581 sunt:
520 565 580 578 cond-a
592 567 647 583 aeque
659 567 679 578 ac
691 562 743 578 Phili-

195 596 227 607 nus
242 594 260 607 et
275 591 333 607 Livius
347 591 381 607 alia
392 591 462 607 foedera
473 591 550 607 extitisse
562 591 635 610 censuit,
647 591 676 607 vel
687 591 743 612 potius

197 621 228 639 „de
240 614 309 636 foedere
321 620 413 636 decedere?
425 620 493 636 omnino
504 620 550 636 idem
562 621 578 636 ei
590 623 616 636 est
628 621 674 641 quod
683 625 744 641 pacem

195 655 281 670 rumpere,
296 650 362 665 bellurn
377 649 457 666 excitare.
481 649 508 665 De
523 650 561 670 ipso
577 649 642 666 Catone
657 650 742 670 cogitasse

196 679 288 700 Polybium
300 679 352 695 eredo
363 684 402 695 cum
414 679 496 695 scriberet
507 681 556 696 τοῦτο
567 679 594 700 (ea
601 678 671 695 foedera
679 679 743 699 extare)

194 709 210 724 ol
223 708 331 730 πρεσβύτατοι
343 709 371 724 nal
383 707 454 729 μάλιστα
466 707 552 726 δοκοῦντες
563 709 599 728 περ]
611 709 632 724 τά
641 709 688 724 κοινὰ
695 714 743 724 σπου-

194 737 250 757 δάζειν
261 739 338 758 ἠγνάυνν.

217 767 266 783 Haec
277 766 348 783 foedera
359 772 369 783 a
380 767 454 787 Polybio
465 767 502 787 ipso
511 772 520 782 e
528 766 593 787 templo
599 766 645 782 Iovis
652 766 743 787 Capitolini

195 798 297 816 exprompta
309 801 354 815 esse,
366 796 405 812 ideo
417 796 469 812 etiarn
480 795 578 812 credibilius
589 795 612 814 fit,
620 795 666 816 quod
673 795 743 811 eti-ibus

195 825 293 841 foederibus
305 830 349 845 quae
361 825 383 840 ad
394 825 465 840 verbum
477 824 557 845 repetivit
568 824 633 845 (foedus
642 824 698 840 Carth
704 829 743 840 cum

195 853 275 874 Philippo
287 859 302 869 a⁴
315 859 346 873 2¹5
358 854 377 869 P.
389 853 428 869 VH.
440 859 454 872 c,
466 859 484 873 ος
496 853 548 869 Rom.
560 858 599 869 eum
610 853 678 869 Aetolis
686 858 701 869 a.
712 854 742 873 189

194 883 214 898 P.
231 882 292 898 XXlL
310 888 337 902 13;
353 887 392 898 eum
407 882 494 898 Antiocho
509 887 524 898 a
542 883 572 898 188
587 882 606 898 Ρ,
617 882 678 898 ΧΧΠ.
690 887 704 898 α
717 882 743 902 23)

195 912 229 927 duo
240 912 283 932 (anm
297 913 328 931 189
340 914 357 927 et
371 911 407 932 188)
418 916 442 927 ex
453 911 514 927 eodem
525 911 610 927 tabulario
622 910 693 927 oriunda
704 915 742 926 esse

194 941 278 957 videntur.
296 940 324 957 De
335 940 404 957 foedere
416 946 454 957 cum
465 940 552 957 Antiocho
564 940 581 956 id
592 942 664 961 apparet
675 940 742 956 collatis

195 970 244 986 Livio
259 970 365 985 XXXVHI.
381 975 395 986 c.
411 971 440 989 38,
455 969 553 985 XXXVH.
568 975 582 985 c.
598 974 618 989 55
633 972 651 985 et
661 969 742 990 Appiano

196 998 233 1019 Syr.
251 1004 264 1014 c.
283 1004 312 1018 39,
330 1003 401 1019 quorum
416 1001 487 1019 uterque
502 998 571 1019 Polybii
586 998 694 1014 traditionem
707 998 742 1014 suis

217 1066 227 1087 ¹)
237 1067 277 1082 Non.
288 1072 302 1086 p.
315 1071 344 1081 100
354 1066 422 1081 Mercier.
439 1066 488 1081 Locus
498 1066 644 1081 correctusal'eter.
651 1065 691 1081 Hist.
697 1066 741 1081 Rom.

193 1091 231 1106 Rell.
242 1096 257 1110 p.
269 1096 288 1110 79
299 1096 307 1106 e
317 1091 355 1106 Geu.
365 1091 392 1106 XI.
404 1096 422 1106 10
433 1092 454 1106 Μ.
466 1091 485 1105 V.
495 1096 510 1109 4.
522 1095 536 1110 5.
