852 1269
485 67 492 76 v

365 84 394 99 ¹33

106 131 123 144 et
135 128 206 144 fortasse
218 128 261 144 duos
272 128 345 143 mutavit
356 132 436 143 numeros
446 126 461 148 ¹).
484 127 535 148 Quod
549 133 587 143 curn
599 128 623 143 ita
635 133 653 143 se

105 158 176 176 habeat,
192 157 249 173 mirari
265 157 325 177 aliquis
340 157 394 177 possit
409 162 439 172 eur
455 157 516 172 eodem
528 157 584 177 eapite
595 157 653 173 multis

105 186 162 202 verbis
183 186 258 207 speciem
275 186 359 206 repellere
377 186 445 201 studeat
462 185 511 206 quasi
528 186 572 201 haec
588 188 653 202 temere

105 215 183 236 scriptori
201 215 251 231 alicui
265 215 364 234 crediderit,
378 220 443 235 suaque
455 215 514 231 sedulo
526 218 602 236 opponat
614 215 654 231 alio-

105 250 142 261 rum
158 247 246 261 auctorum
260 244 328 265 scriptis
339 244 397 265 specie
409 244 478 265 quidem
489 245 582 263 accuratis,
593 250 654 260 revera

106 274 153 290 nulla
164 273 198 290 fide
209 273 266 294 dig-nis
277 274 290 294 (5
304 273 340 293 17),·
347 273 411 289 nullam
420 273 463 289 alius
471 273 545 289 auctoris
550 273 653 289 mentionem

104 303 169 319 faciens
184 303 215 318 nisi
231 302 283 323 ipsius
298 302 407 318 Hannibalis.
422 302 451 323 qui
462 302 527 318 Laeinii
539 303 584 318 hune
595 308 653 319 recen-

105 337 142 348 sum
157 332 193 352 ipse
208 331 335 352 conscripsisset
346 331 391 352 (ibid.
403 333 411 351 ἓ
426 331 455 352 18).
478 331 532 347 Nobis
544 332 590 347 enirn
601 337 653 352 appa-

105 361 138 377 ruit
154 361 246 381 Polybium
257 366 296 376 cum
308 360 376 376 titulum
387 360 452 376 Lacinii
463 361 556 376 invenisset
567 366 661 376 numeros-.

105 395 138 410 que
157 392 174 406 et
190 390 259 405 nomina
276 390 315 405 inde
333 389 458 410 descripsisset,
473 390 505 405 hos
520 394 599 405 numeros
615 395 653 405 eum

105 419 159 435 Sileni
177 419 311 440 comparavisse;
330 419 391 435 deinde
409 424 448 435 cum
465 418 542 435 Silenum
559 419 605 434 omni
620 418 654 435 fide

105 448 177 469 dig-num
191 453 229 464 esse
240 448 360 469 comperisset,
372 448 417 464 hunc
429 453 488 468 presse
499 448 547 468 sequi
559 448 653 467 induxisse,

105 477 137 493 nisi
154 482 262 493 numerorum
279 480 297 493 et
314 477 392 497 gentium
408 477 467 492 ordine
482 479 569 493 reservato
585 477 654 497 qualem

105 506 164 522 titulus
175 506 270 526 praeberet.
288 506 327 522 Hoc
339 506 378 522 loco
389 506 448 526 paullo
460 506 533 526 iniquius
544 511 583 522 cum
595 505 653 522 Sileno

105 535 161 556 egisse
173 535 224 551 facile
235 535 286 551 alicui
298 535 352 551 videri
363 535 417 555 possit
429 534 520 555 Polybius,
530 540 569 551 cum
577 540 653 555 praeser-

105 564 135 580 tim
147 564 184 584 ipse
195 564 248 580 addat
261 564 326 580 auctori
337 564 429 579 admodum
441 563 510 579 difficile
522 569 560 579 esse
571 564 615 579 tales
626 569 653 579 res

105 596 184 609 accurate
205 593 280 612 tradere;
301 593 332 608 sed
351 593 394 609 haec
411 593 455 609 ratio
472 592 540 608 omnino
558 593 610 608 moris
627 595 654 609 est

104 622 177 643 Polybii.
200 622 259 643 Atque
275 622 388 638 concedamus
404 627 474 638 necesse
488 624 522 641 est,
535 622 653 638 auctoritatem

105 651 158 668 Sileni
179 657 248 672 prorsus
267 652 355 668 occaecari
372 656 414 672 prae
432 651 533 667 auctoritate
551 651 603 670 tituli;
620 652 653 667 hoc

104 683 151 697 recte
168 681 211 697 vidit
227 681 314 701 Polybius.
332 690 352 692 —
371 680 454 701 Polybius
469 681 523 701 vulgo
539 681 579 696 satis
594 685 653 701 presse

105 710 180 731 sequitur
197 712 275 726 auctores
292 715 340 729 suos,
355 710 401 730 quod
416 712 488 730 apparet
505 715 514 725 e
526 709 653 730 comparatione

105 739 156 758 Livii,
174 739 205 755 sed
219 739 304 759 quaedam
319 739 351 754 sibi
366 739 435 759 propria
448 739 505 754 habet.
529 738 557 754 Sic
568 738 653 754 interdum

104 768 173 784 brevius
185 773 212 784 res
223 768 301 788 exponit,
313 768 361 784 cuius
372 767 397 783 rei
409 773 460 783 unum
470 768 568 788 exemplum
578 767 652 783 afferam.

105 797 126 813 IL
138 802 152 813 e.
165 802 185 817 35
197 797 249 813 tradit
256 797 372 813 Hannibalem
382 797 523 817 10.ooopedituru
530 796 652 817 Hispanorum,

107 831 149 842 1000
160 826 226 847 equites
238 826 307 842 domum
318 826 410 845 remisisse,
422 828 441 842 ut
453 831 482 841 eos
492 826 524 841 sibi
531 825 591 841 fideles
597 826 653 841 socios

104 855 121 871 in
138 855 221 875 Hispania
236 855 343 876 relinqueret
366 855 434 871 Silenus
450 858 507 871 autem
521 855 562 876 (Liv.
574 855 626 871 XXI.
638 860 652 871 c.

106 884 131 904 23)
143 885 241 905 scripserat,
253 890 297 904 3000
309 884 443 905 Carpetanorum
455 884 531 905 peditum
543 884 596 900 invito
605 884 652 899 Han-

104 913 161 929 nibale
178 918 189 929 a
206 913 295 934 Pyrenaeo
313 914 357 929 saltu
373 913 406 929 iter
421 913 511 932 avertisse,
527 915 574 929 metu
589 913 652 933 longae

104 942 143 958 viae
160 945 223 961 motos;
242 942 303 959 deinde
320 942 435 958 Hannibalem
452 942 490 958 illos
505 947 539 957 non
554 946 652 960 revocasse,

104 977 126 987 ne
143 973 239 987 ceterorum
256 972 308 987 etiam
325 971 376 987 animi
393 971 508 989 irritarentur,
526 973 585 987 eontra
602 976 652 991 supra

127 1042 138 1062 ¹)
148 1041 179 1057 Liv.
191 1047 220 1057 τοο
230 1042 300 1062 Ilergetes
310 1041 400 1063 (Lergetes),
411 1042 442 1057 Pol.
454 1047 484 1061 30⁰
494 1042 571 1061 Lergetes;
582 1041 613 1056 Liv.
623 1041 652 1060 870

104 1068 180 1085 Baleares,
194 1068 225 1082 Pol<
239 1072 317 1083 numerum
331 1072 362 1082 non
374 1067 427 1086 tradit,
438 1067 465 1082 nisi
475 1067 500 1082 hic
510 1071 580 1082 numerus
590 1067 652 1081 sortasse

104 1092 164 1107 excidit.
