852 1269
472 85 503 99 226

197 142 199 144 v
214 131 282 152 Polybii
297 131 379 147 librorum
394 132 434 147 XV*
450 137 464 147 c.
477 132 570 148 zo-XVI.
582 138 596 148 c.
609 138 634 152 24.
657 133 684 148 Ex
695 138 716 148 ea
727 133 759 149 dis-

214 160 275 179 cimus,
293 160 391 181 Philippum
408 166 447 177 cum
464 161 551 177 Antiocho
567 161 627 182 Syriae
643 167 685 182 reg-e
700 161 759 178 foedus

213 189 274 205 fecisse
285 190 307 205 ad
315 189 393 211 Aegypti
401 195 462 210 agrum
470 190 523 211 copiis
531 191 649 211 occupandum
656 193 673 206 et
679 193 760 211 tanquam

213 219 294 239 praedam
313 219 355 234 belli
374 219 487 235 dividendum.
515 219 548 235 His
566 219 638 240 inceptis
657 220 723 235 Rhodii
742 222 760 235 et

214 247 283 263 Attalus
294 248 395 264 restiterunt.
411 248 500 268 Philippus
508 248 548 264 dum
556 253 598 264 suae
606 248 658 269 partis
666 248 760 269 capiendae

213 276 284 297 cupidus
301 276 361 292 Asiam
377 277 459 292 minorem
475 277 576 295 invadebat,
590 277 673 298 Abydum
684 277 719 293 iam
730 282 760 297 op«

213 306 308 326 pugnabat,
320 310 358 321 cum
370 305 504 322 Atheniensibus
515 306 565 322 sociis
573 306 657 322 Romanis
664 311 695 327 per
701 311 760 322 casum

213 335 303 354 quemdam
320 335 337 350 in
354 335 418 350 bellum
436 335 502 354 incidit;
518 338 536 351 et
552 340 583 354 „ne
599 335 679 351 Romano
691 335 760 356 quidem

213 364 258 384 quod
273 364 372 380 imminebat
386 364 433 380 bello
444 364 528 383 ten-ims’'‚
540 364 598 384 copias
610 367 669 380 confi-a
680 364 759 380 Athenas

212 393 261 411 misit.
284 393 321 408 Iam
337 393 396 413 paullo
413 395 453 409 ante
468 393 522 414 legati
538 393 613 409 Romam
627 394 649 409 ad
661 393 759 414 Philippum

212 422 234 437 ad
246 421 327 442 Abydum
339 424 429 441 venerunt,
441 422 502 442 quibus
514 422 623 442 querentibus
635 423 681 442 quod
691 422 760 441 Attalo,

211 450 293 469 Rhodiis,
310 451 374 471 Abydo
389 456 436 466 anna
450 451 541 470 intulisset,
557 452 630 472 superbe
646 451 758 472 responderat

211 484 247 495 rex.
270 480 314 495 Tum
329 480 388 495 consul
399 480 489 496 Romanus
500 483 591 496 auctumno
603 480 656 496 ferme
668 483 730 496 exacto
742 480 760 496 in

212 508 331 524 Macedoniam
343 509 435 525 transmisit
447 511 464 525 et
476 509 520 525 eirca
531 509 643 530 Apolloniam
654 509 759 528 hibernavit:

211 537 236 553 ita
246 537 311 553 bellum
322 538 390 558 incepit.

233 567 253 582 In
268 567 357 583 annalibus
372 567 435 583 mentio
449 567 496 583 nulla
509 567 528 583 fit
539 567 629 586 Antiochi,
641 567 759 586 Rhodiorum,
777 570 780 571 ⁷

210 596 274 615 Attali,
285 596 349 616 Abydi.
366 596 394 611 Ex
405 596 425 612 iis
437 596 517 612 discimus
528 601 562 612 non
570 601 628 612 veram
636 596 678 612 belli
684 601 758 615 eausam,

210 625 299 641 Romanos
310 625 408 646 Philippum
420 625 514 645 imperandi
525 625 613 646 cupiditati
619 630 660 641 suae
665 625 756 646 indulgere

210 654 246 675 pati
261 659 295 670 non
308 654 391 675 potuisse,
407 654 438 670 sed
453 654 531 670 audimus
542 657 642 674 praetextus
653 654 715 675 quibus
725 659 757 675 po-

210 683 260 704 pulus
271 683 355 699 adductus
366 686 392 699 est
404 683 425 699 ad
437 683 502 699 bellum
510 683 640 699 decernendum.
655 683 759 699 Recitantur

210 712 227 728 in
243 715 303 728 senatu
314 712 381 728 litterae
393 712 416 728 M.
428 712 494 728 Aurelii
505 712 559 733 legati
571 715 589 728 et
600 712 623 728 M.
635 712 673 728 Val.
685 712 758 728 Laevini

210 741 324 762 propraetoris
342 742 361 762 (c.
379 747 388 761 3
407 744 424 757 et
443 741 465 761 5),
483 741 516 757 hoc
533 741 621 762 proposito
638 741 721 761 scriptae,
740 743 758 757 et

212 773 316 791 „opportune
332 770 416 786 irritandis
431 770 453 786 ad
468 771 532 786 bellurn
548 770 616 786 animis''
627 770 695 786 adlatae
707 770 720 790 (5
732 770 757 790 5),

210 800 271 820 quibus
287 800 369 820 seriptum
386 802 422 815 erat
439 799 538 820 Philippum
555 801 619 815 tantam
636 799 699 815 molem
715 799 758 814 belli

209 833 278 849 parare,
297 831 315 844 ut
335 828 380 844 idem
398 833 468 844 ausurus
486 833 524 844 esse
541 828 627 844 videretur
644 828 690 848 quod
707 830 759 843 antea

210 856 289 877 Pyrrhus.
312 856 351 872 Hoc
368 859 424 872 autem
439 861 508 877 prorsus
523 856 590 872 falsum.
601 859 641 872 erat.
665 856 736 872 Constat
748 861 758 872 e

209 885 283 906 Polybio
298 885 396 906 Philippum
411 888 447 901 tum
461 891 483 901 ne
495 886 580 906 cogitasse
592 885 661 906 quidem
672 885 694 901 de
706 885 757 901 classi

209 914 227 930 in
241 914 307 930 Italiam
323 914 461 933 transmittenda,
476 914 507 930 sed
522 914 605 930 intentum
616 914 668 930 fuisse
679 914 696 929 in
708 919 758 930 occu-

209 944 270 964 pandis
287 943 348 964 opibus
365 943 443 964 Aegypti
460 946 478 959 et
494 943 556 962 Asiae;
573 943 604 959 sed
621 948 643 959 eo
658 943 757 964 diligentius

210 975 279 988 senatus
296 975 314 988 et
331 973 390 988 consul
405 973 438 988 hoc
453 972 515 993 Pyrrhi
529 973 597 988 nomine
609 975 626 988 et
638 972 719 993 exemplo
730 972 757 988 usi

210 1004 256 1020 sunt,
268 1002 314 1022 quod
325 1001 407 1022 populum
419 1001 500 1017 diuturnis
511 1001 562 1017 bellis
573 1001 644 1020 fessum,
655 1003 673 1017 et
680 1001 710 1022 qui
717 1006 757 1017 cum

209 1032 289 1051 rogatum
305 1033 351 1046 esset
366 1030 452 1046 vellentne
464 1030 528 1046 bellum
540 1030 670 1046 Macedonicum
681 1030 704 1046 ob
715 1030 757 1045 iniu—

209 1059 243 1074 rias
258 1059 315 1075 illatas
331 1059 380 1075 sociis
396 1059 529 1075 Atheniensibus
540 1059 647 1079 rogationem
658 1059 716 1079 primis
728 1063 756 1074 co-

209 1088 261 1104 mitiis
278 1088 407 1109 antiquavisset,
425 1093 446 1104 ea
463 1088 552 1104 formidine
569 1088 591 1104 ad
606 1088 671 1104 bellum
685 1088 755 1104 incitare
