852 1269
460 76 490 94 136

200 128 248 142 nem,
260 123 314 139 multo
326 123 388 139 clarius
399 128 438 138 eam
449 123 521 138 reddere
530 122 593 143 potuit,
601 122 683 143 quidquid
690 123 749 143 mag-ni

201 152 282 168 momenti
299 154 345 171 erat,
357 152 413 168 lucide
425 157 521 172 exponens,
533 156 560 167 res
572 151 645 167 leviores
657 156 701 172 quae
712 157 748 167 rem

200 181 316 197 obscuriorem
327 181 384 197 facere
396 182 466 201 possent
473 181 522 196 brevi
531 181 622 196 absolvens
630 181 658 196 vel
665 181 749 196 omittens.

199 209 228 226 Sic
244 210 261 226 in
276 215 336 231 pugna
347 210 370 226 ad
381 210 462 226 Trebiam
474 209 564 225 commissa
575 209 599 230 (P.
611 215 625 225 c.
639 215 658 230 73
671 215 700 230 sqq
712 209 749 229 Liv,

200 245 213 255 c.
226 244 246 259 55
259 239 288 260 sq.)
300 239 358 255 Livius
370 239 438 255 laborat
449 239 561 257 obscuritate:
573 238 655 254 Baleares
663 239 693 259 qui
699 239 749 259 primi

200 273 259 284 manus
278 270 399 284 conseruerant
417 273 457 284 cum
476 267 561 283 Romanis
578 270 596 283 et
612 272 654 283 mox
671 267 721 283 nimis
738 273 749 283 a

200 297 297 318 legionibus
317 297 402 313 Romanis
421 297 550 317 premebantur,
567 297 589 312 ad
607 301 671 312 cornua
688 297 749 312 deduci

200 326 260 345 tradit,
275 326 322 346 quod
333 326 419 346 quomodo
431 326 494 342 factum
506 330 544 341 esse
556 326 610 346 possit
622 326 662 341 dum
674 326 749 341 Romani

200 360 230 371 eos
246 355 381 376 aggrederentur
395 360 429 370 non
444 355 506 375 liquet;
523 354 582 370 Livius
593 354 648 370 minus
659 357 707 370 recte
718 360 749 375 pu-

200 384 243 400 tavit
250 384 321 400 eosdem
329 384 409 404 deinceps
417 389 456 400 cum
464 384 549 404 equitibus
556 383 640 399 Romanis
647 383 664 399 in
670 384 750 399 cornibus

200 418 301 434 congressos
313 418 359 431 esse,
370 413 428 433 itaque
440 418 450 429 e
461 418 520 434 pugna
531 418 561 429 eos
573 413 624 428 modo
636 418 655 428 se
662 413 748 433 recepisse

200 447 234 458 non
248 442 372 461 animadvertit,
395 442 478 463 Polybius
490 444 549 458 eontra
560 447 591 458 eos
602 447 634 462 per
646 442 748 462 διαστήματα

200 471 243 487 aciei
254 471 351 487 Poenorum
363 474 442 491 receptos
454 476 492 487 esse
503 471 527 487 ait
539 473 556 487 et
568 471 622 487 multo
633 473 673 491 post
680 471 748 487 demum

201 505 239 516 eum
262 500 325 516 Poenis
345 505 408 520 graves
426 500 490 516 milites
509 500 599 515 Romanos
618 500 687 516 adortus
706 505 749 516 esse.

200 529 266 545 Eodem
281 529 332 544 modo
344 529 411 547 Livius,
423 534 461 545 cum
474 529 551 545 crederet
563 534 634 549 gravem
646 531 749 545 armaturam

200 558 318 574 Romanorum
333 558 390 574 medio
403 558 420 573 in
432 558 498 578 proelio
510 558 531 573 ab
544 558 640 578 elephantis
651 563 689 573 esse
700 554 749 574 inva-

200 592 244 605 sam,
261 592 291 602 eos
306 592 317 602 a
331 587 410 603 cornibus
422 587 444 602 ad
460 587 534 602 mediam
547 587 609 605 aciem,
621 592 632 602 a
643 587 700 602 media
711 587 749 603 acie

200 621 258 632 rursus
269 616 287 631 in
298 621 361 631 cornua
373 616 434 632 ductos
446 621 484 631 esse
496 616 555 634 tradit,
566 616 613 637 quod
624 621 684 636 parum
696 616 749 632 credi-

201 645 236 661 bile
253 647 283 661 est.
301 654 322 656 A
339 645 360 661 In
375 645 435 661 itinere
449 650 480 665 per
494 645 567 666 paludes
578 645 595 661 in
606 645 691 661 Etruriam
703 645 749 661 facto

201 674 284 695 Polybius
298 674 350 690 tradit
365 674 480 690 Hannibalem
497 674 552 695 primo
563 674 627 695 agmini
639 674 706 690 dedisse
718 674 749 690 im—

201 701 306 721 pedimenta,
321 701 383 717 necubi
398 701 495 717 necessaria
510 701 532 717 ad
547 706 587 717 usus
603 701 683 717 deessent
696 701 716 722 (c,
729 707 749 721 79

202 732 209 750 ἓ
224 730 245 750 ι),
257 730 302 746 idem
314 730 372 746 Livius
384 730 449 750 (XXJL
461 735 475 746 c.
488 735 497 746 2
510 731 517 749 ἕ
530 730 552 750 3),
564 730 594 746 sed
606 730 688 751 Polybius
699 730 749 746 huius

201 759 226 775 rei
243 764 287 780 quae
304 759 394 775 temeraria
410 764 442 780 per
458 764 476 775 se
491 759 529 775 visa
542 762 595 778 esset,
607 759 683 775 rationes
694 759 749 778 addit,

202 791 220 804 et
243 788 318 808 explicat
339 793 369 804 eur
387 790 423 804 tam
441 793 501 809 parum
521 793 571 804 curae
590 788 749 809 impedimentorum

202 817 281 833 habuerit
292 816 379 833 Hannibal
391 817 404 837 (ᾗ
417 817 436 837 2).
449 826 469 828 —
481 817 599 833 Eodemmodo
607 817 690 838 Polybius
696 822 710 833 e.
719 823 746 833 101

202 849 292 867 postquam
303 846 378 862 narravit
390 846 505 862 Hannibalem
517 846 586 862 Gerunii
598 847 698 867 degentem,
710 852 749 863 curn

201 875 265 891 Fabius
276 880 330 896 prope
342 876 420 894 instaret,
432 876 500 891 tertiam
511 878 577 896 partem
586 875 658 891 militum
666 876 749 892 dimisisse

202 905 224 920 ad
239 904 341 920 frumentum
357 905 481 925 colligendum,
495 906 503 924 5
516 910 569 925 9—12
582 905 674 926 diligenter
685 905 707 921 de
718 910 749 921 suo

202 933 250 949 addit
261 934 336 949 rationes
347 939 377 949 cur
388 934 481 950 Hannibali
492 934 516 950 ita
527 934 613 955 agendum
624 937 673 950 esset
691 934 750 950 Livius

202 963 222 983 (c.
235 968 255 982 24
267 964 275 982 ξ
287 962 302 983 9)
314 965 379 978 tantum
387 963 501 979 temeritatem
509 963 533 979 rei
541 963 633 979 admiratus
639 963 687 979 addit
694 963 749 984 „quod

203 992 271 1007 minime
283 992 320 1012 quis
332 992 422 1008 crederet.¹'
442 992 530 1008 Eiusmodi
541 992 750 1013 excursus-pragmaticos

203 1021 225 1036 de
243 1023 280 1036 arte
291 1021 339 1037 ducis
351 1025 403 1041 saepe
414 1021 484 1037 inseruit
495 1021 523 1042 (ex
534 1026 559 1042 gr.
571 1026 585 1037 c.
598 1021 628 1042 81).
641 1030 661 1032 —
674 1021 749 1041 Quanto-

202 1054 244 1070 pere
262 1052 338 1070 praestet
357 1050 425 1071 Polybii
445 1050 527 1069 narratio,
546 1050 622 1071 inprimis
641 1050 748 1066 manifestum

203 1081 229 1095 est
240 1084 254 1095 c.
267 1084 287 1099 93
299 1079 340 1100 (Lim
353 1084 366 1095 c.
381 1080 413 1100 18),
425 1084 459 1100 quo
470 1079 561 1100 exponitur
572 1079 622 1095 dolus
633 1085 667 1100 quo
679 1085 689 1095 e
699 1079 747 1096 Cam-
