852 1269
461 67 482 81 30

218 110 306 131 Quatenus
322 110 366 126 hanc
381 110 464 126 rationem
479 110 586 131 philosophis
602 110 673 126 Graecis
688 115 746 126 recen-

195 140 273 158 tioribus,
291 142 309 155 ut
326 139 400 160 Epicu-ro
418 139 463 157 aliis,
479 139 542 155 debeat
554 139 647 160 Polybius,
660 140 747 160 explicare

196 174 230 184 non
244 173 342 189 possumus;
357 173 413 189 neque
428 168 490 184 diserte
502 168 543 184 dicit
554 173 594 184 num
608 173 660 189 quam
672 168 747 189 philoso-

196 198 247 218 phiae
263 197 369 218 disciplinam
384 197 454 217 reliquis
465 197 569 217 praetulerit.
592 197 636 213 Nam
648 198 695 218 quod
706 197 746 213 XII.

196 232 210 243 e.
228 228 255 242 26⁰
270 226 333 242 acerbe
345 226 430 242 invehitur
441 226 458 241 in
470 226 543 247 ineptias
555 226 614 246 quales
626 231 658 242 suo
670 229 747 247 tempore

196 256 213 271 in
225 255 321 271 Academia
332 255 406 271 Athenis
417 255 531 271 movebantur
542 256 565 271 ab
577 255 597 271 iis
609 255 646 276 qui,
655 258 673 271 ut
681 256 747 271 ratione

195 284 287 300 dialectica
299 289 317 300 se
330 286 436 303 exercerent,
448 284 537 300 inutilibus
549 284 686 300 cavillationibus
694 284 747 300 incre-

196 313 255 329 dibilia
267 312 361 332 affirm-ase,
373 316 420 329 certa
431 312 534 329 labefactare
547 313 635 329 studerent
644 323 664 324 j
673 314 695 329 ad
704 313 746 334 haec

195 348 231 358 non
243 342 334 363 pertinent.

220 371 263 387 Cum
279 371 348 391 Polybii
364 371 429 387 ratione
444 371 578 392 philosophandi
593 371 702 387 coniunctum
714 374 747 390 est,

197 400 244 421 quod
256 400 308 416 etiam
320 405 347 416 res
359 400 436 419 traditas,
448 400 517 421 singula
525 400 570 416 facta
578 400 680 421 intellegere
686 401 748 419 studet,

196 429 243 449 quod
258 431 324 444 tantum
339 428 376 444 lieri
390 433 441 449 posse
453 429 533 449 opinatur
544 432 635 449 postquam
647 429 747 450 indagatum

197 458 219 474 sit
230 458 271 478 quid
283 458 355 478 singulis
366 458 418 473 rebus
429 458 546 477 antecesserit,
555 458 596 478 quid
604 458 655 474 simul
663 461 681 474 et
686 461 747 479 postea

197 487 278 502 acciderit
290 486 303 506 ⁸).
326 486 386 507 Neque
398 486 439 502 satis
451 486 515 502 factum
527 491 565 502 esse
576 487 593 502 ei
605 487 673 503 videtur
684 487 699 503 si
710 487 747 508 quis

197 515 260 531 dixerit
277 515 319 534 „hoc
334 515 377 531 deus
390 515 448 534 fecit,’¹
462 516 515 534 „illud
527 515 596 531 fortuna
608 516 683 532 acciditss'
705 516 749 531 Nam

198 545 223 561 ita
234 547 284 565 putat
295 545 383 560 vinculum
395 545 455 560 revelli
467 550 531 564 rerum,
543 545 590 565 quod
601 547 667 561 tantum
680 545 710 565 qui
722 550 750 561 co-

199 574 287 595 gnoveritv
303 579 312 590 e
327 579 384 590 rerum
395 577 483 595 gestarum
495 574 577 590 memoria
588 579 647 590 vera-m
658 574 749 590 utilitatem

198 603 252 623 possit
273 603 347 619 trahere.
377 603 424 619 Talis
443 603 486 619 ratio
505 603 567 624 cuique
586 608 642 619 rerum
661 605 750 624 gestarum

199 632 277 653 scriptori
292 632 365 653 egregia
377 632 502 648 commendatio
514 635 549 651 est;
561 638 600 648 nam
612 632 642 653 qui
654 638 691 648 eam
703 635 750 648 tenet

199 666 255 677 rerum
275 664 362 682 gestarum
382 662 462 682 scriptor,
481 667 515 677 non
535 661 603 677 omittet
621 662 662 677 satis
681 661 750 682 plenam

199 690 293 711 imaginem
304 690 365 706 lectori
376 695 472 711 proponere
484 690 566 711 temporis
578 691 600 706 de
611 695 646 711 quo
654 693 700 711 agat⁴
711 690 750 706 Mu-

199 724 232 735 nus
251 719 310 740 optimi
327 724 384 735 rerum
401 719 487 740 scriptoris
503 722 529 735 est
546 720 587 738 hoc,
604 722 624 735 ut
639 722 678 735 ante
694 719 751 735 omnia

199 753 251 769 quam
265 748 339 769 plurima
353 748 403 764 nobis
418 748 464 764 facta
481 748 524 764 inter
541 753 560 764 se
575 748 684 764 cohaerentia
695 751 713 764 et
724 753 751 764 res

200 780 259 798 gestas
273 777 353 793 continua
365 777 461 793 narratione
473 777 580 796 coniunctas,
592 778 658 796 tradam
670 777 694 793 ita
706 777 751 793 enim

200 806 274 822 maxime
293 806 347 822 lector
365 806 467 827 intellegere
485 806 547 826 poterit
564 806 651 826 quomodo
669 806 713 825 aliae
728 811 751 821 ex

200 835 238 851 aliis
255 835 340 856 originem
357 835 440 855 ceperint;
458 838 477 851 ut
493 840 544 856 quam
560 835 658 856 plenissime
675 835 751 855 explicet

200 864 266 880 indoles
282 866 300 880 et
315 864 420 883 voluntates,
435 864 487 880 etiam
498 864 551 883 vitas,
562 869 681 884 pemonarum,
692 868 749 879 mores

200 895 218 909 et
232 893 363 909 consuetudines
378 893 450 911 civium,
462 891 576 909 conditionem
587 893 655 909 urbium
667 895 684 908 et
695 897 750 913 popu-

200 922 265 941 lorum,
280 922 334 938 multa
349 922 384 938 alia
399 922 473 942 denique
487 922 575 938 eiusmodi.
587 931 608 933 —
620 921 657 938 Sed
668 921 751 942 Polybius

201 951 256 967 eredit
271 956 289 967 se
305 951 330 967 ita
345 951 432 967 vinculum
447 956 536 967 causarum
552 954 570 967 et
581 950 682 970 effectuum,
694 955 750 967 rerum

201 980 322 996 necessitatem
333 980 450 1001 perspexisse,
462 983 481 996 ut
490 985 500 996 e
508 980 627 1001 praesentibus
635 980 687 996 etiam
693 979 750 996 futura

202 1009 302 1029 praedicere
316 1009 374 1030 possiti
397 1009 470 1025 Omnem
482 1009 606 1025 dubitationem
618 1009 707 1025 sustulisse
718 1008 750 1024 sibi

224 1069 235 1090 ι)
246 1070 262 1085 P.
272 1070 298 1084 111.
310 1075 323 1084 c.
335 1075 352 1089 31
364 1072 372 1088 ς
383 1075 410 1088 11;
420 1070 447 1084 etr.
458 1070 484 1084 111.
496 1074 514 1089 32
525 1071 532 1088 ς
543 1070 558 1084 ε.
