852 1269
472 80 492 99 78

230 127 297 143 Deinde
309 127 399 143 Michaelis
411 127 498 143 contendit
509 127 601 148 Polybium
613 128 697 147 quaedam
706 128 755 143 nimis

207 157 256 172 brevi
272 157 372 177 exposuisse
387 156 443 172 studio
459 156 576 172 Rornanorum
590 157 667 175 ductum;
679 157 755 177 inprimis

208 185 225 201 in
240 185 288 201 initio
303 185 345 201 belli
360 190 399 201 eum
414 185 503 205 perfidiam
517 188 534 201 et
545 185 679 201 machinationes
690 186 755 201 Roma-

208 219 268 230 norum
279 214 347 230 silentio
358 217 423 235 tegere*
441 214 468 230 De
476 214 560 230 brevitate
568 214 658 233 assentior,
668 215 689 230 de
699 215 756 230 studio

208 243 326 259 Romanorum
338 243 395 263 iniquo
407 248 441 259 non
452 243 497 259 item.
521 243 583 259 Omnia
594 245 672 264 repetere
684 243 755 264 longum

188 277 192 280 ¹
208 274 238 288 est.
256 272 345 288 Michaelis
356 277 373 292 p.
386 277 406 291 ⁵³
419 277 429 288 e
440 272 505 288 Zonara
517 274 534 288 et
546 272 602 288 Dione
614 272 673 288 Cassio
681 272 754 293 colligit,

208 301 226 317 C.
239 300 328 317 Claudium
339 300 426 317 tribunum
438 301 480 320 mik,
492 306 531 317 cum
542 301 576 317 iam
588 301 650 317 Hanno
662 306 701 317 cum
709 301 755 317 mille

207 330 270 346 Poenis
285 330 346 346 urbem
361 330 459 346 Messanam
473 333 582 350 occupasset,
594 330 648 346 solum
660 330 755 346 traduxisse

207 359 269 375 fretum
285 361 303 375 et
318 359 430 375 Mamertinos
445 363 476 380 spe
491 359 550 375 auxilii
565 359 640 375 Romani
651 359 756 378 incitavisse,

208 393 282 408 eumque
297 388 354 408 ipsum
370 388 477 409 cognationis
494 390 603 409 praetextum
621 388 756 409 excogitavisse,

209 422 243 438 quo
254 417 373 433 Romanorum
385 417 495 433 ambitionem
507 417 576 433 celaret
594 417 630 433 Sed
641 417 714 433 Zonaras
723 417 756 433 iam

208 446 267 467 paullo
279 449 319 462 ante
330 446 383 467 (Vffl,
395 451 409 462 c.
422 446 437 466 8)
448 446 518 462 tradidit
529 446 641 462 Mamertinos
652 446 734 462 auxilium
745 451 756 462 a

208 475 292 491 Romanis
303 475 385 495 petivisse
396 474 423 491 οἶά
433 480 477 495 σφισι
490 477 604 496 mammonae.
616 475 684 491 Deinde
690 475 757 491 etiamsi

208 509 268 522 verum
280 506 313 522 est,
324 504 414 519 Romanos
425 504 481 524 inagis
493 507 512 520 ut
524 504 587 520 Poenis
598 504 696 520 resisterent
704 509 756 525 quam

208 536 228 549 ut
238 533 349 549 Mamertinos
361 533 462 549 adiuvarent
473 533 525 549 rebus
537 526 605 549 Siciliae
613 538 632 549 se
640 533 755 552 immiscuisse,

208 562 270 578 eodem
281 562 340 580 modo,
353 562 399 582 quod
411 567 421 578 e
433 562 510 578 Diodoro
522 555 617 583 colligitur,
629 562 683 578 Poeni
690 563 756 583 (quibus

209 594 245 607 tum
257 591 308 607 etiam
320 592 356 607 dux
367 594 404 607 erat
415 591 502 607 Hannibal
510 596 561 612 quem
569 596 610 607 mox
618 591 680 607 Hanno
688 594 756 607 secutus

209 620 240 641 est)
255 625 294 636 cum
309 620 350 636 dolo
364 620 401 641 regi
413 620 485 636 Hieroni
496 623 617 641 persuaserunt
628 623 648 636 ut
659 620 756 636 Messanam

208 650 311 670 relinqueret
329 652 346 665 et
363 649 395 670 ipsi
412 649 459 665 mille
474 649 545 668 milites,
561 654 604 670 quos
618 650 657 665 urbi
672 650 756 670 praesidio

209 679 244 695 fore
256 679 367 697 simulabant,
378 679 395 694 in
407 679 468 694 urbem
476 679 585 695 introducunt
593 679 621 699 (M
629 684 645 699 p.
654 679 684 699 49).
696 679 757 699 Itaque

208 708 263 724 Poeni
279 713 314 723 non
331 707 385 723 minus
403 713 454 728 quam
471 708 547 724 Romani
564 708 636 723 avaritia
651 708 698 724 ducti
713 710 756 724 sunt.

208 737 288 757 Denique
303 736 320 752 C.
335 736 416 753 Claudius
427 737 466 753 trib.
477 737 511 752 mil.
523 737 582 757 paullo
593 739 632 757 post
644 737 699 753 classe
711 737 756 753 Mes-

208 771 267 781 sanam
279 766 368 786 pervenire
380 768 458 784 conatur:
470 766 524 782 Poeni
532 766 568 782 eius
576 766 649 782 classem
657 766 756 782 adoriuntur

209 797 227 811 et
238 795 303 815 aliquot
314 795 392 811 triremes
403 795 520 815 submergunt.
538 795 588 811 Hanc
600 800 676 815 pugnam
687 800 739 815 quam
746 800 757 813 θ,

208 824 286 839 Diodoro
300 826 318 840 et
329 823 394 839 Zonara
406 824 518 844 cognovimus
530 824 558 844 (M.
570 829 586 844 p.
599 824 625 844 53)
637 824 693 840 omisit
704 824 756 844 Poly-

208 853 255 872 bius;
272 853 303 868 sed
318 858 341 868 ex
356 858 377 869 ea
393 855 465 873 apparet
481 853 549 869 Poenos
559 853 623 873 primos
634 853 699 869 bellum
711 853 756 869 ince-

208 881 262 902 pisse,
281 882 339 902 itaque
359 887 397 898 eam
414 882 496 902 Polybius
514 887 548 898 non
565 882 621 898 studio
639 882 756 898 Romanorum

209 911 270 926 ductus
282 910 343 926 omisit.
492 929 493 932 Ἰ

232 940 252 955 In
266 940 335 960 reliquis
350 940 398 956 annis
409 940 451 956 belli
462 940 477 956 si
488 940 605 961 componimus
618 945 639 956 ea
650 945 694 961 quae
705 940 757 961 Poly-

209 969 247 984 bius
263 969 327 988 omisit,
343 972 362 985 ut
377 969 467 985 Michaelis
483 969 531 988 feeit,
547 969 608 990 cuique
620 969 710 990 apparebit
721 969 756 985 fere

210 998 281 1014 totidem
296 998 393 1014 Poenorum
408 1001 460 1018 atque
475 998 594 1014 Romanorum
609 998 667 1014 clades
682 998 711 1014 vel
722 998 757 1014 vic-

210 1027 262 1042 torias
277 1027 300 1043 ab
316 1032 337 1043 eo
349 1027 419 1043 omissas
431 1032 473 1043 esse.
496 1026 552 1043 Studii
564 1027 617 1048 iniqui
628 1027 694 1043 nullum
705 1027 756 1043 vesti-

211 1055 259 1076 gium
278 1056 331 1072 adest.
359 1055 405 1072 Sane
422 1056 505 1077 Polybius
522 1061 582 1076 pamm
599 1061 650 1072 curae
666 1056 723 1076 posuit
740 1056 757 1071 in

210 1085 307 1100 enarrandis
319 1085 397 1101 omnibus
408 1085 450 1101 belli
461 1085 545 1101 terrestris
557 1085 631 1103 casibus,
639 1084 675 1100 fere
682 1085 699 1100 in
704 1085 755 1100 rebus
