852 1269
475 74 504 88 ¹72

216 120 242 134 est
253 120 271 134 et
282 118 428 133 animadversione
440 117 519 138 dignum,
530 117 622 137 Polybium
633 121 667 132 non
674 117 762 132 addidisse

216 147 256 167 quid
271 147 303 167 ipsi
318 147 340 162 de
356 147 389 162 hac
401 151 419 162 re
430 146 485 162 visum
497 146 522 162 sit
535 155 555 157 —-
567 145 666 161 Praefectus
677 148 714 161 tum
725 150 761 161 cre-

216 178 254 191 atus
265 178 292 191 est
303 175 385 195 equitatui
396 175 423 193 Pi,
435 175 506 190 Archon
513 177 586 195 praetor.
604 174 673 190 Accidit
678 176 736 190 autem
742 177 761 190 ut

216 204 274 225 paullo
293 207 333 225 post
351 204 373 220 ad
392 204 488 220 contionem
507 204 609 220 accederent
628 203 682 224 legati
699 203 762 222 Attali,

216 233 271 249 stati-is
283 233 369 252 Eumenis,
381 233 410 253 qui
417 236 465 251 tunc,
473 233 548 249 nondum
555 232 643 248 calumniis
649 233 762 251 obtrectatus,

216 262 271 278 fidelis
282 262 399 278 Rornanorum
411 262 476 277 amiens
486 262 590 280 habebatur,
602 264 670 277 orantes
681 264 701 277 ut
708 261 761 277 hono-

217 296 244 307 res
255 291 327 307 Eumeni
338 291 379 307 olim
390 291 455 307 decreti
466 291 598 306 restituerentur.
615 290 686 306 Archon
693 292 762 311 praetor

216 325 272 341 pauca
286 320 355 340 quidem
372 325 403 340 pro
418 320 439 335 iis
455 320 509 335 verba
526 319 574 338 fecit,
591 319 622 335 sed
637 324 678 335 mox
689 319 762 337 destitit,

216 351 293 365 metuens
312 354 334 364 ne
351 349 394 364 lucri
411 353 463 364 causa
479 348 512 364 hoc
529 353 582 369 agere
599 348 689 364 videretur.
718 348 762 363 Tum

216 378 299 398 Polybius
313 378 384 398 longam
398 378 458 393 habuit
474 377 576 396 emtionem,
591 382 625 398 qua
638 377 713 393 Achaeis
724 381 762 397 per-

216 407 269 423 suasit
286 409 305 422 ut
321 407 382 422 Attalo
397 412 462 422 morem
477 409 557 427 gererent
567 405 582 427 ¹).
598 415 619 417 —
634 406 700 422 Eodem
718 411 762 421 anno

217 436 299 456 Polybius
314 436 382 456 legatus
395 436 413 451 in
424 435 531 452 Thffisaliam
542 435 602 451 missus
614 437 641 451 est
651 435 674 451 ad
685 434 705 455 Q.
717 435 763 450 Mar-

216 465 269 484 cium,
281 465 345 481 auxilia
356 465 465 481 Achaeorum
477 465 573 483 oblaturus;
585 464 659 480 Marcius
671 467 707 480 tum
718 463 762 480 forte

216 494 233 510 in
248 499 269 510 eo
284 490 321 510 erat
335 497 354 510 ut
369 494 401 510 sub
416 494 509 514 Olympum
520 496 595 509 montem
607 493 726 509 Macedoniam
737 493 762 508 in-

217 526 277 542 traret,
288 523 371 544 Polybius
382 528 445 543 agmen
456 525 524 538 secutus
535 523 634 538 mandatum
645 527 679 538 non
690 521 763 542 perfecit

217 554 308 572 antequam
324 552 405 568 Heraclei
419 552 536 567 consedissent
546 551 629 570 Romani:
641 553 677 567 tum
687 550 763 571 benigne

217 583 288 601 accepto
301 580 370 596 auxiliis
383 585 418 596 non
429 585 472 601 opus
484 585 522 596 esse
533 585 633 600 responsum
644 580 660 595 ei
672 582 703 595 est.
726 579 763 595 Ali-

216 610 296 630 quamdiu
314 609 365 625 etiam
380 609 398 625 in
413 609 473 625 castris
488 611 564 625 moratus
579 611 614 627 est,
628 614 662 629 qua
673 608 763 624 occasione

217 639 276 655 oblata
291 639 365 654 Marcius
381 644 421 654 eum
435 638 525 659 prohibere
537 638 585 654 iussit
596 643 618 654 ne
629 638 696 654 Achaei
708 638 764 654 mitte—

217 670 255 683 rent
266 668 325 688 copias
336 668 358 683 ab
370 667 429 688 Appio
440 667 517 684 Centone
528 667 557 688 qui
568 670 607 683 tum'
616 667 633 683 in
645 667 704 687 Illyria
715 671 764 683 exer-

217 697 269 712 citum
287 697 370 716 habebat,
387 699 464 717 rogatas:
482 696 531 712 cuius
548 696 623 712 mandati
640 695 729 716 perfidiam
746 698 764 711 et

217 726 275 742 dolum
286 728 326 742 tunc
338 728 384 742 certe
395 730 430 742 non
441 726 494 741 sensit
501 725 584 746 Polybius
590 725 605 746 Ἀ).
619 725 678 741 Exhis
685 725 763 741 omnibus

216 754 288 770 fortasse
301 754 377 770 effecerit
388 755 472 775 quispiam
483 754 576 775 Polybium
587 759 626 770 cum
638 754 719 770 Archene
730 753 771 769 ste-'

217 783 266 802 tisse,
280 786 297 799 et
309 783 365 799 omnia
376 784 398 799 ab
410 788 432 799 eo
443 783 527 799 Romanis
539 783 594 799 amica
604 782 661 799 fuisse.
684 782 764 798 Fortasse

217 812 286 833 quidem
301 817 322 828 eo
334 812 405 828 consilio
416 812 480 833 scripta
491 815 531 828 sunt
542 814 561 828 ut
572 812 617 827 hanc
628 811 703 832 speciem
714 816 764 831 prae-

217 842 285 860 berent,
308 846 411 862 quamquam
430 841 493 857 diserte
513 846 548 857 uon
566 840 638 856 additur.
669 839 705 856 Sed
723 840 765 855 mihi

217 870 315 886 credibilius
326 870 394 886 videtur
405 870 498 891 Polybium
509 870 531 886 ad
543 874 605 885 annum
619 868 648 889 167
661 874 715 889 usque
725 874 764 884 cum

218 899 292 920 Lycorta
309 904 360 920 quam
377 904 416 915 cum
433 899 515 915 Archene
531 899 596 915 fecisse.
621 898 681 914 Verba
695 898 764 918 quidem

217 928 258 944 fecit
272 933 304 949 pro
319 928 395 944 Eumene
410 928 466 944 arnico
482 928 608 946 Romanorum,
623 927 675 947 idque
686 927 764 943 consultu

218 960 273 978 urget
296 957 331 973 Sed
342 958 420 976 Archon,
432 962 484 978 quem
495 957 579 973 Romanis
590 959 626 973 tum
638 956 696 972 favere
704 958 763 972 uotum

219 989 264 1005 erat,
276 986 293 1002 id
304 986 362 1003 facere
373 992 407 1002 uon
419 991 470 1002 ausus
482 989 515 1005 est3
523 986 583 1007 opinor
590 988 660 1006 propter
665 990 704 1001 eam
709 985 764 1005 ipsam

459 1010 460 1020 ι

240 1054 251 1074 ¹)
261 1055 278 1070 Ρ.
288 1055 358 1070 xxvm.
370 1060 383 1070 ε.
395 1059 408 1073 7,

238 1079 251 1099 2)
261 1080 276 1094 P.
288 1080 358 1095 xxvm.
369 1084 382 1094 c.
395 1084 413 1094 10
424 1084 446 1098 sq*
