852 1269
363 85 390 95 ιιι

103 130 120 143 et
132 127 278 148 oppugnationem
290 127 370 148 Sagunti,
382 133 416 148 qua
428 128 449 143 de
461 133 479 143 re
491 128 542 144 etiam
550 128 649 149 diligentius

103 156 171 177 inquirit
189 161 202 172 c.
221 161 239 172 21
259 156 288 172 ubi
305 156 376 177 exponit
393 157 434 177 quid
451 157 539 173 attulerint
553 157 650 173 Poenorum

103 188 179 201 oratores
191 185 213 201 ad
225 185 293 206 culpam
304 190 352 201 sua-m
363 186 468 202 levanda-mu
477 186 516 202 Hoc
528 186 598 202 consilio
610 187 650 202 duc-

102 217 129 230 tus
146 220 160 230 c.
179 216 244 230 22—28
262 214 331 230 foedera
348 215 411 235 repetit
428 215 468 230 olim
486 220 497 231 a
511 215 595 231 Romanis
611 221 649 231 cum

102 243 165 259 Poenis
180 243 222 262 icta;
238 248 252 259 cl
265 248 285 263 ²9
298 243 369 264 exponit
380 244 466 264 quomodo
478 244 554 260 Romani
565 244 649 264 probave-

102 272 136 288 rint
151 277 172 288 ea
187 277 198 288 a.
210 272 273 288 Poenis
284 272 349 288 violata
361 277 407 291 esse,
419 273 492 293 denique
504 278 518 289 c.
531 278 552 293 30
564 273 649 289 concludit

103 301 167 317 addens
181 301 222 322 quid
233 302 255 317 de
266 301 299 317 hac
311 302 419 317 accusatione
431 302 468 322 ipse
480 305 557 321 censeat,
569 305 587 318 et
599 302 649 318 confi-

102 332 148 346 tetur
162 330 252 346 Romanos
267 333 313 346 recte
328 331 361 347 hoc
376 331 465 351 conqueri,
479 331 546 347 Poenos
558 330 619 347 fi-ustra
630 336 649 347 se

103 364 190 375 excusare*

124 388 200 409 Magnae
215 388 262 404 laudi
277 388 350 409 Polybio
366 391 392 404 est
403 388 499 404 ducendum
510 389 556 409 quod
567 393 603 404 rem
614 389 649 404 iam

102 417 153 433 toties
172 417 269 438 expositam
288 419 305 433 et
324 417 381 433 tritam
400 417 456 433 denuo
475 420 548 434 metare
567 418 649 439 suscepit,

102 447 189 467 utriusque
200 447 254 467 partis
265 449 367 467 argumenta
378 452 388 462 e
400 446 454 462 Fabio
465 449 483 463 et
494 452 517 463 ex
528 449 598 463 auctore
608 452 649 467 quo-

103 475 142 491 dam
161 475 298 496 Carthaginiensi
315 481 354 491 cum
372 480 412 491 cura
429 476 533 496 ponderans:
550 476 581 492 sed
598 476 650 492 etiam

102 505 148 525 quod
167 504 243 520 neutrius
262 504 363 520 auctoritate
383 505 466 525 deceptus
485 510 530 520 nova
549 507 650 526 argumenta

101 533 190 554 indagavit
203 536 220 549 et
232 533 278 549 clare
290 533 370 554 exposuit
379 533 413 549 hoc
421 534 487 549 bellum
495 534 561 549 etiamsi
568 536 651 550 sexcenta

102 562 172 578 foedera
189 568 200 578 a
216 562 279 578 Poenis
294 563 359 579 violata
374 565 439 582 esseut,
455 563 475 578 iis
486 562 537 578 fuisse
549 568 583 579 non
594 563 650 579 solum

102 591 223 610 necessarium,
241 592 272 607 sed
290 591 341 607 etiam
357 591 470 607 iustissimum.
494 591 542 612 Quae
557 592 651 612 praemittit

102 625 116 636 c.
134 621 144 636 ὁ
161 625 186 641 εειΑ
203 620 225 636 de
242 620 299 636 verbis
316 625 376 639 eausa,
391 620 499 641 praetextusss
514 620 569 640 initia,
585 621 650 637 inutilia

102 649 151 665 nobis
166 649 253 668 videntum
268 649 334 665 lubrica
349 649 377 665 via
391 649 478 670 ingressus
492 652 518 666 est
530 655 569 666 cum
580 649 650 666 definire

102 680 192 694 conaretur
208 678 280 694 verbum
297 678 374 697 „eausa”,
389 683 445 699 neque
459 683 491 694 nos
506 684 527 694 ea
538 679 612 695 secuturi
623 684 650 694 su—
681 691 683 693 .

102 712 144 723 mus.
171 707 239 723 Deinde
256 710 275 723 ut
291 712 342 728 supra
360 707 439 728 exposui,
457 712 533 723 summae
550 708 650 723 temeritatis

102 735 180 757 (ιὶλαγίας)
194 735 256 752 flustra
267 738 338 752 accusat
348 736 429 755 Fabium,
441 741 479 752 cum
491 736 505 752 is
517 736 587 752 dixisset
598 736 650 752 nemi-

102 770 141 781 uem
156 766 188 782 τῶν
205 764 295 785 ἀξιολόγων
310 765 410 786 probavisse
421 765 544 784 Hannibalem,
556 766 587 781 sed
599 770 610 781 a
620 770 651 786 po-

102 794 190 814 pula-ribus
209 799 250 810 mox
268 795 396 815 superabannir.
428 794 495 810 Tamen
513 797 560 810 reete
578 794 651 810 Fabium

102 823 182 839 refutavit
197 823 288 844 Polybius,
304 828 364 839 causas
379 823 421 839 belli
435 824 457 839 ad
468 823 581 839 Hasdrubalis
593 828 650 844 super-

102 853 148 868 biam
163 852 268 868 referentem.
291 852 355 869 Fabius
366 858 426 869 causas
438 853 480 869 belli
491 853 515 869 ita
527 853 621 873 explicavit
631 855 650 869 ut

105 887 115 897 a
126 882 164 897 viro
175 882 255 898 senatorii
267 881 336 900 ordinis,
348 881 377 902 qui
388 887 409 898 eo
420 882 458 902 ipsu
470 884 546 902 tempore
554 882 582 897 vel
592 881 651 902 paullo

103 914 143 931 post
166 911 288 932 rempublicam
311 911 461 930 administraverit,
484 911 571 932 expectari
593 911 651 932 possit

103 939 175 956 Senatui
190 940 271 956 Roma-no
286 940 332 956 haud
347 940 425 961 ignotum
437 942 481 959 erat,
493 945 573 961 magnam
584 940 651 956 Poeno-

104 974 141 985 rum
155 971 231 990 partem,
243 971 260 985 et
272 974 310 985 eam
322 969 390 989 quidem
402 974 446 990 quae
458 974 481 985 ex
492 969 599 990 amplissimis
610 969 651 985 viris

105 1000 198 1017 constaset,
213 998 348 1019 magistratibus,
364 998 477 1017 senatoribus,
493 998 609 1017 centumviris,
624 998 651 1014 cui

104 1027 140 1043 dux
157 1029 175 1043 et
192 1032 258 1048 auspex
275 1029 321 1043 esset
338 1027 409 1046 Hanno,
425 1032 533 1048 summopere
549 1027 617 1043 studere
632 1030 651 1043 ut

103 1061 165 1077 pacem
180 1059 276 1075 servarent,
291 1061 325 1077 qua
340 1056 377 1072 sola
392 1058 451 1072 contra
465 1056 525 1077 populi
536 1056 621 1072 licentiam
632 1058 651 1072 et

104 1085 161 1105 gentis
176 1085 259 1101 Barcinae
275 1085 348 1106 gratiam
362 1088 467 1101 crescentem
479 1090 497 1101 se
509 1085 600 1101 defendere
611 1090 650 1106 pos-
