852 1269
477 69 510 88 236

219 117 321 135 illustretur,
337 117 410 137 denique
425 119 444 132 ut
458 116 531 137 pretium
543 117 589 137 quod
601 122 639 132 cum
651 117 688 132 aliis
700 121 768 137 compa-

220 148 268 161 rame
285 146 347 166 cuique
364 146 388 161 rei
403 146 524 166 assignandum
539 146 568 164 sit,
584 146 670 161 vinculum
684 150 718 166 quo
729 151 768 161 curn

220 174 257 190 aliis
273 174 386 195 coniungatur
397 180 420 190 ex
431 175 468 195 ipsa
479 174 575 190 narratione
587 174 660 195 perspici
671 174 733 195 possit,
744 174 768 190 ita

220 206 239 219 ut
250 208 277 219 res
288 208 320 224 pro
332 208 350 219 se
363 203 410 224 ipsae
422 203 468 224 loqui
480 203 536 224 mag-is
547 208 598 224 quam
609 208 620 219 a
631 203 713 224 scriptore
725 203 768 219 iudi-

219 232 254 248 cari
269 232 366 251 videantur,
380 237 414 253 quo
429 232 487 248 nescio
502 237 523 248 an
539 237 562 248 ex
573 232 646 253 antiquis
657 232 767 253 Thyciclydes

219 261 283 282 optime
300 261 367 277 functus
384 261 414 280 sit,
431 261 447 277 h
465 261 475 277 L
492 261 569 282 pluribus
584 266 618 277 non
629 261 704 282 agimus;
716 261 767 282 Poly-

218 290 256 306 bius
274 295 312 306 eam
330 290 412 306 rationem
427 295 462 306 non
476 290 538 309 tenuit,
555 295 589 306 non
604 290 643 306 ideo
654 290 709 306 solum
721 290 767 311 quod

218 324 274 335 rerum
285 324 329 340 quas
340 319 421 335 describit
432 320 469 340 ipse
481 324 520 340 pars
532 324 596 340 magna
606 319 665 338 fuerit,
676 320 707 335 sed
718 324 767 340 prae-

217 348 275 364 sertim
287 348 333 368 quod
344 349 366 364 ab
378 348 414 364 eius
426 348 495 369 ingenio
507 349 529 364 ad
541 348 637 364 docendum
648 353 734 369 propenso
745 354 767 364 ea

217 377 260 393 ratio
272 377 375 393 alienissima,
386 380 427 393 erat.
445 377 481 393 Sed
492 378 525 393 hoc
536 378 638 393 monendum
646 377 687 393 mihi
695 378 766 396 videtur,

217 406 303 422 veteribus
318 411 375 422 rerum
390 406 500 427 scriptoribus
514 406 550 422 fere
562 406 657 427 legitimum
668 409 686 422 et
697 411 766 422 conces-

217 440 254 451 sum
268 435 320 451 fuisse
335 438 355 451 ut
371 440 420 451 suam
435 435 507 456 patriam
519 435 578 451 favore
589 435 663 456 quodam
674 435 766 456 amplecte-

217 467 275 480 rentur
286 463 304 485 ¹),
320 465 367 485 quod
382 464 500 480 continebatur
515 464 612 485 arg-umenti
627 464 718 483 electione,
729 465 766 485 ple-

216 493 264 509 niore
279 493 352 513 quadam
367 498 423 509 rerum
439 493 545 514 cognitione,
556 494 635 509 ubertate
647 496 664 509 et
676 493 765 514 diligentia

216 522 321 544 narrat-ionis.
344 522 427 542 Polybius
442 522 511 542 quidem
522 527 579 538 rerum
590 527 691 543 graecarum
702 522 765 538 talibus

216 551 299 569 fontibus,
315 556 378 571 nempe
395 551 438 567 actis
453 551 525 571 publicis
540 551 578 567 aliis
594 551 676 567 eiusmodi
687 556 727 567 usus
739 553 765 567 est

216 580 276 600 quales
291 580 308 595 in
319 580 423 600 reliquarum
434 580 511 601 gentium
522 580 574 596 rebus
585 580 671 596 tradendis
683 582 712 596 aut
723 580 765 596 nul-li

216 611 246 625 aut
259 609 309 629 pauci
321 609 337 624 ei
349 609 490 629 suppeditabant,
502 609 560 629 ita-que
571 614 599 625 res
610 609 714 627 Poenorum,
726 608 765 625 His-

216 643 308 658 panorum,
328 637 391 656 Asiae,
410 636 462 654 etiam
481 638 607 657 Romanorum,
624 643 667 659 quas
684 643 765 659 magnam

216 669 283 687 partem
295 672 316 683 ex
328 667 365 683 aliis
377 667 474 683 auctoribus
485 667 573 688 repetivit,
585 667 639 683 multo
650 667 705 683 minus
713 667 764 688 plene

216 701 239 712 ex
257 701 278 712 eo
295 696 415 717 cognoscimus
430 701 481 717 quam
497 696 607 712 Graecorum.
630 696 666 712 Sed
679 696 764 712 rarissime

216 727 288 745 apparet
305 725 388 741 Graeciae
403 725 476 746 gloriam
493 728 511 741 et
526 725 627 746 dignitatem
641 728 699 741 tantae
713 725 764 741 etiam

216 759 267 770 curae
279 754 295 770 ei
306 754 357 770 fuisse
369 757 442 774 quantae
454 754 487 770 fide
499 754 579 770 historica
590 754 654 770 intacta
664 754 715 770 facile
726 759 764 770 esse

216 783 275 803 potuit.
298 783 374 804 Lycurgi
391 783 460 803 quidem
475 783 524 804 leges
539 785 558 799 ut
573 783 622 799 unius
637 783 709 799 hominis
721 788 764 803 opus

215 811 284 832 legibus
298 812 416 828 Rornanorum
427 814 514 832 praestare
526 812 621 831 contendit,
633 812 695 828 ductus
706 817 764 827 amore

216 845 272 856 rerum
287 840 409 861 Peloponnesi,
421 841 452 857 scd
463 841 504 856 alibi
516 841 617 856 contrarium
629 840 669 856 fecit
680 840 764 861 Polybius

216 869 263 885 cuius
278 870 398 890 gravissimum
412 870 509 890 exemplam
522 870 589 885 addam
611 869 656 885 Nam
667 874 706 885 eum
717 869 763 890 apud

216 903 274 914 omnes
291 898 327 914 fere
344 901 406 919 gentes
421 899 503 914 memoria
518 901 596 914 servetur
610 899 684 914 virorum
698 898 763 919 aliquot

215 927 277 943 virtute
294 927 393 948 insignium,
410 932 482 948 quorum
499 927 562 943 famam
580 930 660 948 tanquam
675 927 763 948 publicum

215 957 267 972 decus
279 957 343 977 posteri
355 962 456 973 conservare
467 960 485 972 et
496 957 554 973 colere
565 957 652 976 studeant,
660 962 714 977 aeque
723 956 763 972 ferri

214 990 249 1001 non
264 988 321 1005 poteSt
336 985 408 1006 scriptor
423 986 452 1006 qui
467 986 532 1006 patriae
547 991 588 1001 suae
600 986 644 1001 hanc
655 986 736 1006 gloriam,
748 986 762 1001 si

215 1014 251 1030 iure
268 1017 367 1035 comparata
384 1017 420 1033 est,
437 1015 527 1030 detrahere
544 1017 619 1030 conetur.
647 1015 707 1035 Itaque
726 1015 762 1030 iure

238 1075 247 1095 ¹)
257 1075 274 1090 P.
285 1076 325 1090 XVI<
338 1080 356 1094 η
366 1077 373 1094 ς
384 1076 398 1090 ⁶.
