852 1269
377 90 408 105 ²²7

117 138 168 153 posse
186 135 281 153 sperarent;
299 136 338 153 post
355 133 425 154 longam
443 134 536 149 orationem
554 134 628 150 consulis
643 135 665 150 de

117 162 184 182 Pyrrho
200 164 218 178 et
233 162 330 178 Hannibale
346 162 365 182 (c.
378 162 392 182 7)
404 162 447 178 haec
458 167 498 183 spes
510 168 540 178 eos
551 167 585 178 non
596 162 665 181 fefellit,

118 193 135 206 et
152 191 217 206 bellum
235 191 322 206 decretum
340 193 370 207 est.
388 200 409 202 —
425 191 481 207 Etiam
496 191 542 207 aliud
557 192 620 207 crimen
632 192 666 207 iam

117 220 170 240 longe
185 222 225 235 ante
240 222 300 235 eontra
314 219 413 240 Philippum
426 223 517 240 paraverat
531 223 607 239 senatus,
619 223 637 236 et
648 221 665 236 in

117 248 206 264 annalibus
222 249 282 264 crebro
297 253 324 264 res
339 249 429 269 repetitur,
445 254 488 269 quae
502 254 546 265 nunc
558 249 610 265 etiam
621 250 679 267 inter.

118 282 178 293 causas
193 278 235 293 belli
250 282 261 293 a
275 280 335 293 senatu
350 280 397 294 mota
412 281 446 297 est,
462 283 523 299 nempe
539 279 585 299 quod
596 279 664 294 Poenos

116 306 184 322 auxiliis
202 306 272 323 iuvisset
289 307 308 327 (c.
328 312 345 322 11
364 307 396 327 in.).
419 307 458 323 Hae
475 307 496 323 cle
512 312 531 323 re
547 312 602 328 pauca
617 313 665 327 vere,

117 335 171 351 multa
186 336 214 351 vel
230 335 272 351 falsa
288 336 316 352 vel
330 336 382 352 dubia
393 341 404 352 a
414 336 464 352 Livio
476 337 520 352 tradi
532 336 596 357 opinor.
620 336 665 353 Satis

118 367 193 383 constat,
208 369 236 380 me
252 365 308 381 iudice
323 364 415 385 Sopatrum
427 365 512 386 quendam
524 365 637 381 Maoeclonem
648 366 666 382 in

117 393 177 409 Africa
189 393 206 409 in
217 394 314 409 Poenorum
325 394 385 410 castris
396 394 447 410 fuisse
460 397 477 410 et
489 400 499 410 a
506 394 590 410 Romanis
596 397 665 415 captum

117 427 159 438 esse.
182 422 233 438 Hunc
250 425 268 439 et
285 422 357 439 fortasse
373 423 415 439 alios
431 423 536 439 Macedones
551 424 580 444 qui
594 429 633 439 cum
644 429 665 439 eo

117 451 189 467 fuissent
200 454 219 467 ut
230 452 262 467 sibi
273 452 381 468 restituerent
392 452 475 471 Romani,
486 457 518 473 per
528 453 596 473 legatos
607 455 665 473 postu-

117 480 159 496 lavit
170 480 260 501 Philippus
271 486 303 497 rex
314 481 355 501 (Liv.
370 481 433 497 XXX.
445 487 459 497 ο,
471 481 502 501 42).
525 481 550 497 Ea
561 487 613 497 causa
624 482 666 497 belli

118 515 155 525 esse
166 515 200 525 non
212 510 272 530 potuit.
289 510 328 526 Non
339 515 389 526 secus
400 511 447 526 bello
459 511 501 526 Pun.
513 510 526 526 I.
537 511 618 527 Achaeus
630 511 665 531 qui-

118 539 157 554 dam
174 538 232 555 Alexo
249 539 328 560 Lilybaei
345 539 362 555 in
379 539 456 555 exercitu
471 539 568 555 Poenorum
582 539 665 555 militavit.

117 567 153 583 Sed
170 573 191 583 ea
208 573 226 583 re
241 570 310 584 senatus
325 568 385 584 sedulo
399 573 439 584 usus
454 571 480 584 est
492 571 550 584 contra
561 568 665 589 Philippum.

117 595 145 612 Sic
163 596 181 612 in
199 597 289 612 traditione
306 597 387 613 Romana
402 597 424 613 de
440 602 498 618 pugna
514 598 536 613 ad
549 597 617 613 Zamam
629 600 666 613 tota

117 625 164 646 legio
179 626 294 642 Macedonum
306 625 374 642 affuisse
387 627 466 642 statuitur
477 626 496 647 (c.
509 627 543 647 33),
555 627 601 647 quod
613 632 665 647 quam

117 659 177 675 parum
189 654 270 670 credibile
281 655 303 671 sit
314 660 366 676 supra
377 655 486 671 ostendimus.
504 654 533 671 sic
544 655 578 671 iam
590 658 641 671 antea
648 655 665 671 in

116 683 160 699 actis
176 686 245 704 senatus
262 684 302 699 anni
320 689 350 703 203
369 684 433 700 editum
451 687 495 703 erat,
513 684 581 704 legatos
598 684 665 699 urbium

117 711 220 728 Graecarum
241 713 326 728 sociarum
347 712 461 731 nunham'sse,
484 713 508 728 ibi
529 718 598 728 rumore
616 712 667 734 ferri

116 741 215 762 Philippum
232 741 319 762 legionem
336 744 354 757 et
370 742 461 762 pecuniam
476 742 498 757 ad
511 741 579 757 Poenos
590 741 664 760 misisse;

116 773 152 786 tum
163 773 241 786 senatum
252 770 322 793 legatos>
332 771 354 786 ad
366 775 425 791 regem
437 770 529 786 mittendos
540 770 625 786 censuisse
636 770 664 791 qui

116 799 159 814 haee
171 799 253 815 adversus
264 799 325 815 foedus
336 799 381 815 faeta
393 799 447 815 videri
458 799 554 815 nuntiarent
561 799 606 820 (ibid.
614 804 627 815 e.
635 799 665 819 26).

116 828 170 844 Vides
182 834 233 849 quam
244 829 309 844 ineerta
320 831 357 845 tota
368 834 395 844 ros
407 829 436 847 sit;
448 828 520 849 denique
532 829 546 844 si
554 833 613 844 verum
619 831 665 844 esset

116 857 203 878 legionem
218 857 347 873 Macedonicam
359 860 376 873 et
387 858 478 878 pecuniam
489 857 554 873 misisse
567 857 665 878 Philippum

117 891 185 906 regem,
202 888 220 902 et
231 886 283 902 talem
295 886 399 907 legationem
411 886 509 902 Romanam
521 886 543 902 ad
555 891 594 902 eum
605 891 665 906 perve—

118 915 171 934 nisse,
186 915 217 931 vix
231 915 268 931 fieri
283 915 366 936 potuisset
380 918 399 931 ut
410 918 450 936 post
460 915 511 931 finem
523 915 565 931 belli
576 915 665 935 Philippus

116 949 148 965 per
159 944 227 965 legatos
238 944 342 965 postulasset
353 947 372 960 ut
383 944 487 960 Macedones
499 944 563 965 captivi
574 944 607 960 sibi
617 944 664 960 resti-

118 975 215 992 tuerentur,
236 973 282 994 quod
300 976 357 989 tamen
376 973 440 989 factum
458 978 495 989 esse
514 975 580 989 constat
597 973 616 993 (e.
634 973 665 993 4²)-

119 1001 189 1017 Auxilia
198 1002 285 1022 copiarum
293 1004 311 1018 et
318 1002 400 1023 pecuniae
409 1007 420 1018 a
426 1002 506 1023 Philippo
513 1002 535 1017 ad
540 1002 608 1018 Poenos
614 1002 666 1017 missa

119 1036 157 1046 esse
168 1036 202 1046 non
214 1031 269 1052 magis
281 1036 322 1046 vero
334 1031 388 1047 simile
400 1031 441 1046 mihi
452 1031 519 1047 videtur
530 1035 581 1051 quam
588 1030 618 1046 illa
626 1035 665 1046 eon-

118 1059 156 1075 silia
167 1060 248 1080 Philippo
259 1060 318 1080 paullo
329 1062 369 1080 post
380 1065 390 1075 a
401 1062 462 1076 senatu
473 1060 542 1075 obtrusa
549 1064 611 1080 nempe
618 1059 665 1079 quod

118 1091 137 1104 ut
152 1089 195 1104 alter
209 1088 285 1109 Pyrrhus
296 1089 363 1104 Italiam
374 1088 462 1104 invasurus
474 1091 523 1104 esset.
546 1088 582 1104 Sed
593 1090 664 1108 apparet
