852 1269
360 85 380 99 95

95 128 160 145 ratione
176 128 281 149 exposuisse.
304 127 340 144 Sed
354 128 366 143 ii
381 133 447 144 errores
463 128 536 148 Polybio
550 128 645 148 imputandi

95 160 134 173 sunt
153 157 229 178 quisquis
248 157 264 173 ei
281 156 312 172 fuit
330 159 393 173 auctor.
420 156 459 172 Non
475 157 549 177 probare
566 159 645 177 possunt,

95 186 167 202 Fabium
183 186 200 202 ei
216 188 304 202 auctorem
315 191 349 201 non
361 185 416 201 fuisse.
439 185 462 201 Et
473 190 494 201 ea
505 185 590 206 quaestio,
602 185 646 205 quis-

96 221 136 231 nam
151 216 167 231 ei
182 215 232 231 fuerit
247 218 314 234 auctor,
330 215 379 231 unice
395 215 417 231 de
432 214 466 230 fide
477 215 551 235 Polybio
562 215 646 230 hocloco

96 245 176 261 habenda
191 244 272 260 decernit.
294 244 340 261 Fieri
352 244 408 265 potuit
420 246 439 259 ut
450 244 562 264 neglegentia
573 244 646 264 quadam

96 274 145 289 unius
163 273 203 289 anni
221 273 308 294 expeditio
324 278 334 289 e
349 273 417 294 Polybii
432 273 531 289 recensione
547 273 647 291 excidisset,

97 305 114 318 et
131 303 149 318 id
166 303 262 323 acciperem
278 302 292 318 si
308 302 331 318 ira
347 302 413 318 vulneri
424 302 525 318 mederetur.
548 301 584 318 Sed
595 302 646 322 plane

96 331 133 347 fieri
144 336 179 347 non
190 331 246 352 potuit
256 333 275 347 ut
287 336 345 347 omnes
358 336 387 347 eas
398 336 426 347 res
437 336 480 351 quas
491 331 508 346 in
515 331 566 346 bellis
575 330 647 347 Gallicis

97 363 155 381 gestas
173 366 211 376 esse
228 360 287 376 Livius
302 360 361 379 tradit,
377 361 399 376 ab
416 365 437 376 eo
451 360 562 381 neglegentia
573 360 646 376 omissae

97 389 138 408 sintz
150 389 207 410 itaque
219 394 240 405 ne
252 389 295 405 illud
306 389 374 409 quidem
386 389 422 404 iure
434 389 485 405 statui
496 391 557 409 potest.

119 418 177 434 Livius
192 418 209 434 in
225 418 272 434 libris
287 417 379 434 VI—VH]
392 418 447 434 multa
457 418 512 436 bella,
524 418 618 438 triumphos
628 418 647 438 ¹),

97 447 185 466 victorias,
201 447 293 463 dictaturas
308 447 400 463 memoriae
412 447 471 466 tradit,
483 452 528 467 quae
539 447 554 463 si
565 447 647 467 Polybius

97 476 152 492 Fabio
167 481 207 492 usus
222 479 256 495 est,
268 481 278 492 a
290 476 344 492 Fabio
355 476 423 492 silentio
434 476 554 496 praetermissa
566 476 599 492 sint
607 476 617 496 ²)
629 478 648 492 et

97 506 126 522 vel
137 508 197 526 postea
208 505 249 522 ficta
260 506 288 521 vel
300 499 360 526 postea
372 510 394 521 ex
406 505 477 521 aliamm
490 505 567 526 gentium
579 505 648 521 tablinis

97 534 114 550 in
132 535 188 550 lucem
205 535 252 551 edita
268 534 302 551 sint
318 539 389 550 necesse
406 537 437 550 est
466 534 561 550 Consensus
579 534 648 554 quidam

97 563 190 580 restituitur
205 564 245 580 inde
260 564 282 579 ab
297 569 342 579 anno
355 569 394 584 295,
406 568 440 584 quo
452 563 516 579 Fabius
527 563 613 579 Maximus
625 563 647 579 ad

98 592 187 609 Sentinum
199 592 259 609 Gallos
270 592 377 614 profligavit;
385 592 555 608 animadvertendum
563 595 589 608 est
596 592 648 608 etiam

97 622 142 638 inter
159 627 189 639 eas
206 622 287 638 victorias
304 627 346 643 quas
363 622 446 643 Polybius
462 626 497 638 non
512 621 568 640 novit,
583 621 648 637 nullam

98 656 136 667 esse
150 651 248 667 Fabianam.
271 651 325 672 Atqui
337 651 395 667 Livius
406 651 444 671 ipse
455 651 517 667 docere
529 651 602 669 videtur,
615 653 648 666 sta-

98 680 180 696 ditionem
192 685 240 696 suam
251 685 312 696 revera
323 683 360 696 toto
372 680 421 696 coelo
433 680 529 700 discrepare
541 685 551 695 a
562 679 649 695 veteribus

99 709 188 725 annalibus
206 709 260 725 Fabii.
287 709 307 725 Id
322 709 374 725 sensit
390 714 428 725 cum
443 709 487 725 libro
503 709 546 724 vm
561 709 583 724 ad
598 708 649 724 finem

121 792 132 812 ¹)
147 792 222 807 Actorum
237 792 347 811 triumphorum
361 791 480 811 Capitolii-orum
494 796 512 807 ea
525 796 560 811 pars
573 791 651 811 deperdita

98 819 120 832 est
134 822 172 836 quae
186 817 252 832 continet
266 822 313 832 annos
327 817 413 836 437—362.
438 817 509 832 Ceterum
522 817 542 832 de
556 816 602 832 Gallis
616 819 651 831 aute

100 846 128 862 295
144 842 192 857 eidem
203 842 274 861 triumphi
284 844 386 857 memorantur
396 842 422 861 qui
432 847 442 857 a
452 841 502 857 Livio:
514 842 551 861 360,
563 842 601 861 358,
612 846 650 861 3503

100 871 128 886 295
145 867 196 887 (etiam
211 872 225 882 a.
242 868 270 886 361
285 867 316 882 duo
330 866 400 886 triumphi
414 866 429 882 in
442 866 483 882 fastis
495 869 605 885 memorantium
616 871 651 881 cum

99 891 149 907 Livius
159 892 216 907 nullum
227 891 292 912 habeat).
313 892 370 907 Eorum
380 891 461 907 auctoritas
472 896 502 906 non
512 891 560 906 maior
570 896 602 906 esse
611 891 651 906 vide-

99 919 123 931 tur
133 921 179 936 quam
190 916 266 932 annalium
276 921 314 936 quos
324 916 374 931 Livius
385 919 445 932 secutus
455 919 482 931 est.

120 941 133 962 ²)
146 941 176 957 Sed
190 946 226 956 cum
239 941 310 961 Polybius
324 941 369 956 etiam
383 941 418 956 alibi
432 941 479 956 soleat
489 941 572 960 triumphos
583 940 651 956 omittere

99 971 137 986 quos
155 969 224 982 auctores
241 966 273 981 eius
290 966 370 981 memoriae
387 966 505 985 mandaverant,
522 966 554 981 fieri
571 968 620 985 potest
635 968 652 981 ut

99 991 155 1006 Fabius
172 991 228 1011 aliquot
246 991 328 1011 triumphos
344 991 430 1010 tradiderit,
446 996 500 1010 nempe
516 996 561 1006 unum
577 991 600 1006 vel
615 991 651 1006 duo.

100 1015 200 1035 Triumphum
216 1016 255 1031 enim
272 1016 291 1035 Q.
305 1016 347 1031 Fabii
358 1015 420 1031 Maximi
431 1015 495 1031 Rulliani
506 1020 519 1030 a.
531 1020 559 1035 295
571 1018 605 1035 post
615 1020 652 1035 pug-

100 1045 136 1056 nam
151 1041 171 1056 2d
186 1041 264 1056 Sentinum
278 1043 329 1056 actum
343 1046 378 1056 sane
388 1046 418 1056 non
429 1040 498 1056 omiserat
509 1040 563 1056 Fabius
573 1040 595 1061 (P.
607 1045 620 1055 c.
633 1045 651 1060 19

101 1067 108 1084 ξ
118 1066 139 1086 6).
160 1066 189 1081 Sed
200 1066 215 1081 in
225 1066 325 1086 superioribus
335 1066 385 1081 Livius
395 1071 439 1085 saepe
450 1066 469 1081 de
479 1065 555 1085 triumpho
565 1065 618 1083 tradit,
626 1065 651 1080 ubi

101 1090 157 1106 Fabius
167 1096 185 1106 ne
196 1094 278 1111 pugnatum
289 1091 350 1111 quidem
360 1096 392 1106 esse
402 1090 489 1106 tradidexan
