852 1269
369 72 398 90 185

133 119 216 139 Polybius
227 121 284 135 autem
296 124 335 135 eum
347 119 422 135 Romam
430 119 503 138 veniret,
512 124 550 135 eam
556 119 657 134 sententiam

110 148 160 163 avide
176 148 265 168 amplexus
279 150 314 167 est,
329 148 376 164 cuius
387 148 421 164 iam
432 150 483 164 antea
494 148 596 163 Flaminium
608 148 658 168 quasi

111 177 198 197 auspicem
211 177 303 193 admiratus
315 179 359 195 erat,
371 182 422 197 quarn
433 182 478 192 nunc
489 177 511 192 ab
523 177 548 192 eis
560 176 611 192 etiam
623 176 656 192 coli

110 205 188 224 videbat,
203 206 233 226 qui
247 211 266 221 se
281 206 367 226 ignotum,
378 206 435 226 patria
446 208 540 224 extorrem,
552 205 657 226 proditorum

112 234 176 250 insidiis
187 234 320 250 circumventum
333 235 403 250 comiter
415 234 517 255 acciperent.
537 234 582 250 Hinc
594 234 658 250 factum

112 266 146 282 est,
159 266 178 279 ut
189 269 262 284 aequum
274 266 291 279 et
302 264 405 279 benevolum
417 263 490 279 iudicem
502 268 558 279 rerum
569 263 657 279 Romana·
687 259 692 265 ’

111 297 149 308 rum
160 297 178 308 se
190 293 295 313 praebuerit,
307 298 360 313 saepe
371 292 423 308 etiam
434 292 483 308 nimis
495 292 607 311 benevolum,
618 289 668 307 nam'

111 321 142 337 etsi
161 326 195 337 non
211 322 270 345 ‘onmia
287 322 304 337 in
321 322 396 337 moribus
414 324 431 337 et
448 321 523 337 consiliis
539 321 658 337 Romanorum

112 350 237 371 comprobavit,
248 353 305 366 tamen
317 350 366 366 nimis
378 350 454 371 pellucet
464 350 500 366 eius
507 350 583 366 studium
590 355 659 370 pemmi-

111 379 162 395 dendi
179 379 250 395 Graecis
267 382 286 395 ut
304 379 377 395 salutem
394 384 442 395 suam
460 381 520 399 petant
537 384 560 395 ex
576 379 671 399 obsequio*

112 408 216 429 reipublicae
227 408 327 427 Romanae,
338 413 441 429 quamquam
452 408 502 424 huius
513 408 617 429 reipublicae
629 408 658 423 ad-

111 437 211 453 ministrat-io
228 440 269 453 tunc
286 442 320 453 non
337 437 410 458 amplius
425 442 479 458 penes
495 437 579 458 Scipionis
595 437 659 453 amicos

112 468 153 482 erat

134 494 199 511 Verum
215 497 363 516 quantumcunque
378 495 432 511 valuit
446 495 463 510 in
479 497 536 510 mente
550 494 618 515 Polybii
629 495 658 510 ad-

111 524 178 540 miratio
193 523 278 544 Scipionis
293 524 363 544 eiusque
379 524 479 542 amicorum,
494 523 557 539 frustra
570 523 659 539 laborave-

111 555 149 568 runt
167 553 196 573 qui
214 553 258 568 hanc
277 553 300 568 ob
320 558 388 568 causam
405 552 457 568 fidem
473 552 572 568 historicam
590 552 659 573 Polybii

111 581 200 597 debilitate
211 582 300 598 voluerint.
313 591 334 593 —
346 581 385 602 Qua
396 582 418 598 de
425 587 444 597 re
453 587 492 598 cum
499 582 533 597 iam
540 581 581 597 alibi
587 582 657 602 egerim,
672 581 674 584 '

111 615 155 626 nunc
173 610 312 626 animadvertisse
330 610 411 629 sufficiat,
429 613 495 626 tanturn
512 611 573 626 abesse
590 613 609 626 ut
626 610 659 626 hac

112 639 226 655 familiaritate
241 642 297 655 motus
312 640 390 655 consulto
404 640 432 655 vel
443 639 506 655 invitus
518 639 561 655 falsa
572 639 659 660 scripserit

111 668 203 689 Polybius,
214 671 233 684 ut
245 669 300 685 etiarn*
307 669 329 684 de
341 669 401 689 priscis
412 669 463 684 rebus
474 669 559 684 Romanis
569 668 638 684 minime
649 674 659 684 e

112 700 169 713 mente
180 697 265 718 Scipionis
276 697 385 716 iudicaverit,
397 698 427 713 sed
439 697 456 713 in
467 698 495 716 iis,
503 700 521 713 ut
529 697 600 716 videtur,
607 697 659 713 etiam

112 729 199 742 auctorem
216 732 265 742 suum
283 726 355 742 Fabium
372 727 420 747 sequi
437 727 496 742 soleat.
524 726 544 742 Id
561 728 632 747 apparet
649 731 659 742 e

112 755 174 771 iudicio
191 755 237 776 quod
254 755 292 771 tul-it
307 755 329 771 de
344 755 385 776 lege
400 761 411 771 a
426 755 444 771 C.
460 755 544 771 Flaminio
559 760 574 771 a.
590 760 621 775 ²3²
637 755 659 771 de

113 789 156 805 agro
167 784 256 800 Picentino
267 784 383 800 distribuendo
394 784 434 800 lata
452 784 496 800 Nam
507 789 563 805 neque
574 784 611 805 ipsa
622 784 658 802 lex,

112 818 154 834 ager
169 813 248 833 publicus
262 813 328 829 civibus
339 813 424 829 Romanis
435 813 535 832 tradendus,
546 818 602 833 neque
614 813 657 829 ratio

113 847 147 862 qua
161 844 229 857 senatus
240 841 354 862 pervicaciam
365 841 433 861 vicerit,
445 841 515 857 ferendo
526 842 549 857 ad
560 842 637 862 plebem,
649 846 660 857 a

113 870 197 891 Scipionis
214 871 289 886 moribus
306 870 362 886 aliena
380 873 420 886 erat
443 870 468 886 At
483 870 523 891 quid
538 871 560 886 de
575 870 659 886 Flaminio

113 899 206 920 Polybius?
223 899 248 918 Is,
260 899 291 918 ait,
303 899 374 915 instituit
386 899 433 915 illam
444 902 547 920 potestatem
558 899 659 920 popularem

113 928 225 950 (δημαγωγίαν
239 929 267 944 καὶ
279 927 371 949 πολιτείαν)
382 933 426 949 quae
437 931 456 944 ut
467 928 516 944 brevi
527 928 583 944 dicam
594 928 660 944 initium

113 958 145 974 fuit
159 958 244 974 Romanis
259 957 333 974 civitatis
348 960 438 978 corruptae
448 956 463 978 ¹).
486 957 529 973 Eam
544 957 602 978 legem
616 957 660 973 adeo

136 1027 146 1047 ¹)
156 1028 172 1042 Ρ,
189 1028 208 1042 Π.
224 1032 237 1042 c.
253 1032 270 1042 21
286 1029 293 1046 ᾖ
307 1027 321 1042 8,
342 1027 360 1042 Id
374 1027 445 1042 iudicium
456 1027 475 1042 de
485 1027 557 1042 Flaminio
568 1027 587 1042 acl
597 1026 661 1042 Fabium

113 1053 168 1077 refero;
179 1052 204 1067 ubi
214 1052 229 1067 in
239 1052 283 1067 rebus
293 1051 349 1067 bellicis
359 1051 448 1067 Flaminium
459 1052 539 1071 vituperat,
549 1051 565 1067 id
576 1054 616 1067 certe
626 1051 661 1067 fedt

113 1077 159 1093 Fabio
169 1079 238 1096 auctore,
249 1077 268 1092 rL
279 1082 299 1096 33
309 1079 316 1095 ξ
328 1081 341 1096 7.
357 1077 399 1092 Idem
409 1076 481 1092 iudicium
491 1077 510 1092 de
520 1077 574 1092 eodem
581 1077 608 1091 111.
615 1081 629 1091 c.
636 1077 660 1091 80.
681 1076 683 1079 “
