852 1269
385 79 405 97 35

121 127 160 142 tur?
177 126 243 146 Nempe
255 126 346 147 Polybium
358 131 397 142 eum
409 126 473 142 fontem
485 126 517 142 sibi
529 127 611 147 elegisse,
619 132 629 142 e
636 132 671 147 quo

121 160 178 171 omnes
193 160 220 171 res
236 155 325 171 Gallorum
341 160 446 176 cognoscere
461 158 528 176 posset,
545 156 574 176 qui
586 156 637 171 eriam
648 156 670 172 de

121 184 159 200 aliis
170 184 221 200 bellis
233 183 304 200 Gallicis
315 184 360 205 (anni
372 189 411 204 ³90,
423 184 463 200 anni
475 184 512 204 225)
524 184 570 204 quod
578 184 618 200 satis
624 186 669 200 esset

121 214 202 232 traderet;
214 213 276 229 deinde
287 213 317 233 qul
328 213 377 229 brevi
388 218 415 229 res
426 216 534 233 percurreret
545 216 562 229 et
574 214 596 229 ad
607 218 669 234 propo-

121 243 172 258 situm
184 247 232 258 suurn
244 242 341 263 aptissimus
352 245 393 258 erat.
416 241 451 258 Sed
465 242 517 258 etiam
528 247 551 258 ex
562 242 583 258 iis
594 242 671 263 sequitur

121 277 160 287 eurn
172 271 246 292 elegisse
258 274 346 287 auctorem
356 276 407 291 quern
415 271 432 287 in
440 272 491 287 rebus
497 271 581 287 Romanis
587 272 669 292 optimum

121 303 138 316 et
155 300 189 316 fide
207 300 325 321 dignissimum
340 305 378 316 esse
393 303 470 321 putaret,
485 305 524 316 nam
540 303 622 321 quantum
633 300 670 316 fieri

121 331 189 350 poterat
204 329 290 345 minimum
306 329 382 348 demere,
398 329 440 345 nihil
456 332 529 348 mutare,
544 329 586 345 nihil
598 334 621 345 ex
632 329 670 345 aliis

120 358 195 374 sontibus
210 359 273 374 addere
288 358 350 377 voluit;
366 360 420 374 artem
436 358 511 374 criticam
529 358 546 374 in
557 358 629 379 singulis
641 358 670 374 ad-

121 388 180 403 hibere
191 393 225 403 non
237 392 300 408 operae
313 387 328 403 ei
340 387 435 403 videbatur.
458 387 507 403 Haec
519 390 576 403 autem
588 387 645 403 omnia
653 387 669 403 ei

121 417 205 437 praebere
217 419 309 437 potuerunt
320 416 369 432 Fabii
381 416 455 432 annales.
472 416 489 432 Is
501 417 546 432 enim
557 417 605 432 brevi
616 417 669 437 (κεφα-

120 445 199 466 λαιωδῶς)
211 446 254 461 haec
265 448 343 466 tempora
355 445 448 464 enarravit;
459 446 525 461 bellurn
537 445 622 462 Gallicum
630 445 669 461 anni

121 480 151 494 2²5
170 475 222 491 etiarn
239 475 306 495 plenius
322 475 399 493 tradidit,
415 479 484 495 prorsus
499 474 560 490 eodem
571 474 623 490 modo
634 479 669 495 quo

120 504 207 524 Polybius.
224 503 288 519 Fabius
299 506 357 519 aetate
369 503 437 524 Polybii
448 503 539 519 fidissimus
551 505 610 519 auctor
620 506 669 524 puta-

119 533 171 548 batur
184 532 218 553 (cfr.
230 533 243 548 1.
257 538 276 552 ¹4
288 534 296 552 5
311 538 327 548 1:
338 532 356 551 ὃς
369 533 477 553 ἐμπειρότατοι
491 532 537 549 δοκεῖ
548 533 616 553 γράφειν
627 533 668 553 ὑπὲρ

119 561 177 582 αὑτοῦ,
195 562 204 577 i.
222 567 236 577 e.
254 562 276 577 de
293 562 340 577 bello
357 561 422 577 Punico
436 561 506 583 primo);
521 561 579 582 quanti
593 561 669 577 facerent

119 591 200 611 aequales
215 590 284 611 Polybii
295 590 344 606 Fabii
356 591 426 606 annales
438 591 489 606 etiam
501 591 552 606 docet
563 590 600 606 Pol.
612 590 642 606 ΙΠ.
654 596 668 606 c.

119 625 129 640 9
141 621 149 639 ἓ
163 625 210 640 1—5.
233 620 300 636 Deinde
315 619 365 636 Fabii
380 620 450 636 annales
467 620 566 641 perlegerat
577 622 668 640 antequam

119 649 204 665 scribendi
219 649 284 665 initium
299 648 348 668 facin
364 649 378 665 si
392 654 452 665 verum
464 651 490 665 est
501 654 540 665 eum
551 654 585 665 non
596 649 668 665 multum

120 683 184 699 operae
196 678 263 694 nivisse
274 678 292 694 in
303 680 373 694 auctore
385 678 474 699 eligendo,
482 680 548 694 certum
555 678 590 694 fere
597 680 623 694 est
629 683 668 694 eum

119 707 191 723 Fabium
204 707 310 727 praetulisse.

141 736 176 752 Sed
193 736 270 752 Niebuhr
287 738 345 752 censet
361 736 453 757 Polybium
469 736 521 752 etiam
536 736 569 752 hac
583 736 601 751 in
618 738 667 756 parte

121 765 192 784 „artem”
203 765 289 785 quandam
302 765 395 784 „criticam”
407 765 514 784 adhibuisse,
525 765 556 780 sed
567 770 605 780 earn
616 765 667 785 plane

118 799 217 815 perversam
232 796 249 810 et
265 794 364 814 pessimaxxu
378 794 444 810 scilieet
455 794 538 814 Polybius
549 794 604 810 Fabio
615 794 667 810 fidem

118 823 238 842 recusavisset,
254 822 306 839 alium
321 825 408 839 auctorem
423 823 543 843 quaesivisset,
558 823 586 843 qui
601 822 667 843 aliquot

119 853 199 869 victorias
217 852 301 868 Romanis
321 852 422 869 detraheret-
451 852 527 868 Primum
546 853 579 868 hoc
598 852 666 868 minirne

118 882 198 898 convenit
215 886 253 897 curn
271 881 342 897 consilio
359 881 437 902 Polybii,
454 882 483 902 qui
500 881 571 898 Graecis
585 882 666 898 virtutem

118 911 244 930 Romanorum,
256 910 371 927 infirmitatem
383 910 472 927 Gallorum
483 911 573 926 ostendere
585 911 665 929 voluerit;

118 940 132 956 si
148 940 208 956 horum
223 940 308 956 bellorum
321 940 398 960 pericula
409 939 529 958 imminuisset,
540 945 589 955 suarn
600 942 666 960 partem

118 969 218 985 debiliorem
235 968 308 985 fecisset.
331 969 398 985 Deinde
414 974 442 984 me
457 969 513 984 iudice
524 968 602 984 Niebuhr
613 973 666 989 exag—

118 998 186 1019 geravit
206 1003 227 1014 ea
244 1003 289 1018 quae
306 998 389 1018 Polybius
406 1000 465 1014 contra
481 998 530 1014 Fabii
547 997 665 1013 auctoritatem

118 1027 179 1043 attulit.
205 1027 285 1047 Denique
308 1027 322 1043 si
339 1027 388 1043 Fabii
404 1027 473 1043 traditio
490 1027 512 1043 de
529 1026 580 1042 bellis
595 1026 666 1042 Gallicis

119 1056 163 1072 adeo
181 1056 285 1076 discreparet
302 1056 324 1072 ab
342 1056 362 1072 iis
377 1061 421 1077 quae
437 1056 473 1077 ipse
485 1056 506 1071 de
517 1056 550 1071 hoc
561 1055 608 1071 bello
620 1061 665 1071 eorn-

119 1088 169 1106 perta
179 1085 260 1104 habebat,
272 1090 305 1101 non
318 1090 367 1101 secus
378 1088 429 1106 aeque
438 1085 454 1101 in
462 1085 512 1101 bellis
517 1085 587 1101 Punicis
592 1085 664 1101 Fabium
