852 1269
348 86 379 100 2¹9

90 129 126 144 sive
141 129 164 144 ab
175 129 210 144 alio
222 129 308 145 annalium
319 129 409 149 scriptore,
421 132 488 145 constat
500 129 592 149 Polybium
604 132 637 145 sta-

89 158 141 173 tuisse
155 158 227 174 Brutum
238 160 256 174 et
267 158 357 174 Horatium
368 158 432 178 primos
444 158 523 174 consules
534 158 587 174 fuisse
598 161 638 178 post

90 192 140 207 reges
158 189 233 203 exactos.
258 187 315 203 Etiam
332 187 375 203 haec
392 192 419 202 res
437 187 497 203 suadet
514 189 533 202 ut
548 187 637 202 credamus

89 221 128 231 eum
137 218 214 232 secutum
223 221 260 232 esse
268 218 356 232 auctorem
364 216 438 236 aliquem
444 216 512 231 minime
519 216 637 236 spernendum,

90 247 149 260 contra
162 247 248 261 vetustate
260 245 319 265 magni
330 244 431 261 faciendum.
454 245 546 265 Templum
558 244 639 265 Capitoli-

90 278 130 289 num
147 279 158 289 a
175 273 235 289 Marco
250 273 322 289 Horatio
338 274 408 291 consule
423 274 529 292 dedicatum,
545 276 564 289 ut
580 273 640 294 priscis

90 302 174 319 Romanis
189 302 221 319 fuit
236 303 301 319 initium
317 308 328 318 a
339 308 372 324 quo
384 308 466 319 annorum
477 307 557 319 numeros
570 307 639 323 eompu-

90 334 146 347 tarent
160 331 171 352 ¹)
187 332 212 348 sic
228 332 278 348 nobis
293 332 341 352 quasi
356 332 437 348 terminus
454 332 523 352 quidam
535 334 583 348 extat
595 332 640 347 ultra

92 365 142 381 quem
161 360 179 376 in
198 366 279 377 annorum
299 363 316 377 et
335 361 424 377 consulum
445 361 504 377 ordine
522 360 641 377 constituendo

91 390 173 410 progredi
188 390 237 406 nobis
252 395 286 406 non
300 390 349 409 licet,
360 390 392 406 nisi
404 390 492 411 enigmata
503 390 571 406 solvere
583 390 640 405 stude-

91 423 136 437 mus,
150 419 168 434 in
179 424 240 439 regum
251 419 299 435 annis
311 422 358 435 certo
370 419 492 435 constituendis
503 418 565 434 frustra
577 419 641 434 incum-

92 448 157 463 bentes.
180 445 299 468 Antiquissimi
310 448 399 464 consulum
409 447 456 466 fasti,
467 448 485 463 in
496 448 540 463 aede
548 447 640 468 capitolina

92 477 163 495 servati,
179 477 202 492 ad
215 477 260 493 hunc
272 481 334 492 annum
346 477 442 493 ascendisse
454 477 532 492 videntur
544 479 561 492 et
573 476 587 492 si
599 476 640 497 quid

92 505 109 521 in
126 505 159 521 hac
176 508 225 526 pane
240 506 321 521 historiae
337 505 428 521 Romanae
443 505 477 521 fide
492 506 563 526 dignum
578 508 612 524 est,
623 505 641 521 id

93 535 139 554 quod
161 534 248 550 antecedit
268 534 313 550 hanc
332 535 457 550 dedicationem
476 537 523 550 certe
542 534 588 550 omni
607 533 640 549 fide

93 563 216 584 chronologica
231 566 278 579 caret
293 566 311 579 et
326 563 395 584 ingenio
410 563 523 579 recentiorum
534 563 640 579 reddendum

93 594 123 608 est.
146 592 186 608 Non
202 598 242 608 casu
257 592 322 608 factum
338 595 364 609 est
375 595 394 608 ut
406 597 445 608 cum
456 592 486 608 illo
498 592 571 608 Horatio
582 592 641 612 iunge-

93 624 140 638 retur
155 622 225 641 Brutus,
241 627 292 642 quem
307 621 353 637 fama
366 621 433 637 ferebat
446 621 506 637 urbem
518 626 528 637 a
539 615 600 641 regum
612 621 641 636 do-

93 651 158 667 minatu
173 651 283 669 liberavisse;
299 651 371 666 Brutum
387 651 448 666 eodem
463 655 508 666 anno
519 649 642 671 rempublicam

94 680 202 696 constituisse
217 684 251 700 quo
265 679 347 695 Horatius
359 679 462 700 Capitolium
474 679 588 695 dedicavisset
598 679 643 694 hanc

94 714 145 725 unam
161 709 184 724 ob
200 714 268 725 eausam
284 708 372 724 inventum
384 711 402 724 et
412 708 505 724 memoriae
516 708 597 723 traditum
609 710 643 726 est,

95 740 114 754 ut
129 738 204 756 videtur,
219 737 259 758 quia
273 737 303 753 isse
318 742 372 753 annus
383 737 458 756 Horatii,
470 737 534 757 primus
546 737 575 757 qui
586 739 643 757 poste-

95 767 168 783 rioribus
186 769 237 782 notus
256 769 300 785 erat,
318 766 369 782 etiam
387 766 451 787 primus
468 766 572 786 reipublicae
590 770 643 781 annus

94 796 147 811 fuisse
168 796 273 812 credebatur.
301 795 337 812 Sed
355 795 385 814 iis',
403 796 432 816 qui
449 795 535 811 addebant
552 794 643 810 Horatium

95 821 183 840 consulem
200 825 283 845 templum
300 824 406 840 dedicavisse
423 824 484 840 eodem
500 824 528 839 die
544 828 578 844 quo
589 823 643 843 magi-

96 856 167 869 sta-atum
184 853 258 872 iniisset,
275 853 344 874 aliquod
361 856 429 874 tempus
446 853 551 873 explendum
568 852 644 868 restabat

97 883 141 899 inter
153 883 198 898 diem
209 882 290 903 regifugii
301 885 318 898 et
326 882 445 900 dedieafionis,
452 882 509 902 itaque
517 881 560 897 aiios
567 880 645 897 consules

97 911 211 932 praecessisse
226 911 316 927 Horatium
333 911 435 927 statuebant.
459 910 494 926 Sed
510 915 530 926 ea
545 909 604 930 paullo
619 914 645 925 re-

98 941 174 957 centiora
191 943 238 959 sunt,
255 943 273 956 et
289 940 423 961 antiquissimam
438 939 545 956 traditionem
562 938 645 959 Polybius

98 970 147 986 nobis
158 970 238 986 servavit.

120 1016 131 1036 Ι)
145 1016 182 1031 pun.
195 1016 215 1031 N.
230 1016 251 1031 H.
261 1016 333 1030 xxxm
346 1020 358 1030 ι,
371 1020 397 1035 ιρι
413 1014 482 1034 „Flavius
492 1014 533 1029 vovit
543 1014 596 1029 aedem
607 1014 646 1029 eon-

97 1040 159 1056 cordiae
195 1040 277 1060 inciditque
287 1040 303 1055 in
313 1040 367 1055 tabella
377 1044 421 1055 aerea
431 1040 485 1054 samm
492 1044 525 1054 eam
533 1039 586 1054 aedem
592 1038 645 1054 cem.

98 1065 140 1081 aunis
150 1068 183 1085 post
194 1065 293 1085 Capitolinam
304 1065 388 1080 dedicatam
399 1065 446 1080 esse.''
467 1064 497 1079 Cfr.
507 1064 592 1079 Mommsen
601 1064 646 1078 Rom.

98 1091 154 1106 Chron⁴
165 1095 179 1110 p.
192 1095 220 1109 199
231 1095 263 1110 sqq.
