852 1269
479 80 509 91 100

221 123 289 139 tablinis
300 123 391 144 gentiliciis
402 123 431 139 vel
442 123 488 139 fama
498 123 577 144 populari
586 123 697 144 depromptae
705 126 764 141 essent.

220 157 254 168 non
271 152 307 168 sine
324 152 394 168 libidine
411 153 434 168 ad
450 157 512 168 annum
528 152 603 173 aliquem
620 155 669 168 erant
684 152 764 168 adiectae*

220 181 250 197 Ad
267 181 305 197 illas
323 181 389 197 fabulas
404 181 489 202 pertinent
504 186 563 202 pugna
579 181 638 197 Manlii
654 181 697 202 (VII.
713 186 727 197 c.
743 181 764 201 9),

220 210 285 226 Valerii
303 210 353 226 Corvi
367 210 411 231 (vn,
427 215 441 226 c.
458 210 491 230 2⁶).
507 210 559 229 aliae3
572 210 595 226 ad
605 210 710 226 narrationes
721 209 764 226 fama

220 239 329 259 victorianum
344 244 355 255 a
369 239 420 255 Furio
432 241 450 255 et
461 238 541 259 Quinctio
552 239 611 255 Penno
623 240 697 260 quodam
709 244 764 260 repor-

220 271 301 287 tatarum,
316 271 334 284 et
345 273 383 284 cum
395 268 459 284 multae
471 268 515 284 aliae
527 268 608 284 victoriae
620 271 638 284 et
648 273 718 289 pugnae
729 271 764 284 tum

219 297 265 313 fama
281 297 355 318 leg-ionis
371 297 462 313 Romanae
478 297 495 313 in
512 302 555 318 agro
570 297 667 313 Camertino
682 297 730 313 fusae
747 299 764 313 et

220 326 287 342 deletae
303 326 331 347 (X.
347 331 361 342 c.
378 327 407 347 26).
431 326 466 342 Sed
481 331 515 342 non
529 331 601 347 parvum
612 326 737 342 incommodum
748 326 763 342 ei

219 355 313 376 praebebat
324 355 370 376 quod
381 356 403 371 ab
415 355 452 371 aliis
465 355 551 371 annalium
562 355 659 371 auctoribus
670 355 715 371 aliae
726 360 762 371 nar-

219 384 293 400 rat-iones
308 384 380 400 omissae
395 386 451 403 erant,
466 384 488 400 ab
500 384 537 400 aliis
548 385 571 400 ad
582 384 659 400 diversos
670 389 723 400 annos
735 389 763 404 ap-

218 413 291 434 positae,
303 413 326 429 ab
340 413 377 429 aliis
388 418 422 429 non
434 413 456 429 ad
468 412 535 432 Gallos,
547 413 578 429 sed
589 413 611 429 ad
622 413 665 429 alios
676 413 763 429 Romano-

219 447 256 458 rum
267 442 326 458 hostes
337 442 401 458 relatae
413 442 435 463 (id
446 442 509 458 facmm
521 445 547 458 est
558 442 582 458 X.
594 448 608 458 c,
617 442 648 463 26).
665 442 700 458 Sed
708 445 764 458 tamen

219 471 271 487 series
286 471 370 491 quaedam
381 476 463 487 annorum
474 471 515 487 satis
526 474 574 487 certa
585 471 674 487 constabat
685 476 729 492 quae
741 476 763 487 ex

219 500 338 521 antiquissimis
353 500 425 516 fortasse
439 500 486 516 libris
497 502 564 519 notata,
575 505 607 521 per
618 500 674 516 varios
686 505 735 516 casus
746 502 764 516 et

218 529 266 545 varia
288 529 392 545 incrementa
414 529 490 548 turbata,
511 529 594 545 eiusmodi
615 532 672 545 tamen
691 529 764 550 vestigia

218 558 305 579 reliquerit
319 560 338 574 ut
353 563 392 574 cum
407 558 466 574 Livius
481 563 491 574 e
506 558 554 574 libris
566 558 652 574 annalium
664 558 764 579 scriptorum

218 589 254 602 tum
269 592 301 602 nos
316 592 326 602 e
340 587 390 603 Livio
404 587 483 607 reliquias
497 587 533 603 eius
545 592 674 608 cognoscamus.
696 587 763 608 Nempe

217 615 276 631 Livius
291 615 315 631 X.
332 617 360 635 26,
375 619 465 637 postquam
481 616 548 632 cladem
560 616 639 637 exposuit
650 616 735 632 Romanis
746 616 763 632 in

218 650 261 665 agro
280 644 376 661 Camertino
395 645 466 661 allatum
486 648 535 664 „sunt
551 645 588 666 qui,
607 645 669 666 inquit,
688 645 763 661 Umbros

217 673 277 693 fuisse,
292 679 326 690 non
342 674 409 693 Gallos,
424 675 500 693 tradant,
513 680 545 690 nec
560 677 626 691 tantum
637 674 691 690 eladis
702 679 761 695 accep-

217 703 266 719 tuxn.⁷¹
288 702 378 723 Quomodo
393 703 452 719 Livius
466 703 511 719 hanc
524 703 621 724 opinionem
634 703 708 719 refellit?
725 703 764 719 Non

216 734 300 753 provocat
314 732 336 748 ad
352 732 433 748 maiorem
447 735 513 753 partem
528 735 624 751 auctorum,
636 735 655 748 ut
666 732 707 748 alibi
711 738 715 751 ;
727 735 763 748 tan-

217 761 304 777 tummodo
319 761 351 777 ait:
369 761 448 780 „similius
463 766 505 777 vero
520 764 546 777 est
561 767 572 777 a
586 761 637 778 Gallo
651 761 701 777 hoste
712 766 762 782 quam

216 789 283 805 Umbro
299 795 337 805 eam
352 790 419 806 cladem
434 793 532 811 acceptam,
547 791 593 811 quod
608 796 646 806 cum
661 792 709 812 saepe
720 790 763 806 alias

216 819 253 834 tum
269 823 286 834 eo
300 824 345 834 anno
358 818 422 835 Gallici
431 819 515 835 tumultus
524 819 627 841 praecibuus
638 820 694 835 terror
705 818 762 835 cimtw-

217 848 249 863 lem
270 847 338 864 tcnuffl'
366 848 427 868 Itaque
450 849 496 869 quod
517 853 538 864 eo
560 853 604 864 anno
624 849 694 864 Romae
717 848 763 864 Galli

216 877 343 895 metuebantur,
362 880 464 898 argumento
482 877 498 893 ei
516 880 542 893 est
559 877 619 894 Gallos
635 878 679 893 ham:
697 877 763 893 cladem

216 905 301 922 Romanis
317 906 398 922 intulisse.
425 906 461 922 Sed
477 907 523 922 unde
540 907 573 923 hoc
590 907 683 927 cognovit?
704 906 723 923 Si
740 911 763 922 ex

217 935 281 951 eisdem
294 935 350 954 libris,
361 938 481 956 argumentum
492 936 558 951 nullum
569 938 609 952 erat.
622 945 642 947 —
654 935 688 955 At,
699 935 762 956 inquis.

217 968 275 980 omnes
292 964 313 980 de
324 967 371 980 metu
383 964 445 980 civium
456 965 574 985 exponebant,
586 965 651 985 aliquot
662 966 728 980 tantum
740 964 761 980 de

182 1006 184 1008 .
217 992 271 1008 clade.
283 1001 304 1004 —
316 992 389 1012 Verum,
401 993 415 1009 si
426 994 460 1009 boe
471 993 526 1009 solum
537 993 633 1014 significare
642 993 696 1009 vellet
703 993 761 1009 Livius

217 1021 235 1037 id
250 1021 349 1040 indicasset,
364 1027 420 1043 neque
436 1027 488 1038 eausa
503 1025 549 1039 esset
560 1027 591 1039 cur
601 1027 635 1038 non
647 1022 733 1038 statuisset
744 1024 762 1037 et

216 1050 306 1066 Gallorum
317 1053 381 1067 motum
393 1056 414 1067 eo
426 1056 470 1067 anno
481 1052 579 1070 nunciatum
586 1057 632 1071 esse,
640 1054 658 1068 et
664 1052 686 1068 ab
692 1051 761 1068 Umbris

215 1079 305 1096 Romanos
316 1080 425 1101 impugnatos
437 1086 479 1097 osse.
500 1081 600 1099 Praeterea,
612 1081 654 1102 quid
665 1081 697 1097 sibi
708 1080 761 1096 vellet
