852 1269
362 82 392 97 109

102 130 152 140 veisa
167 125 262 141 subtilitate
278 125 370 145 explanata
384 127 414 141 est.
437 125 512 141 Romani
526 130 560 146 quo
571 128 648 146 tempore

102 154 179 169 nuntium
191 154 299 174 accipiebant
310 153 384 175 Sagunti
395 154 441 169 urbis
449 154 471 170 ab
479 154 576 170 Hannibale
582 159 648 175 oppug-

102 185 161 201 natae,
173 182 265 198 credidisse
276 183 356 198 videntur
367 188 388 198 ea
399 183 527 203 oppugnatione
538 183 598 199 foedus
609 188 649 199 cum

102 211 211 227 Hasdrubale
226 212 279 228 ictum
294 212 377 228 violatum
392 217 434 228 esse.
457 212 484 228 De
500 212 533 228 situ
546 212 620 233 Sagunti
631 215 649 228 et

103 240 148 256 Iberi
161 245 222 261 parum
234 243 359 261 cognoverant,
370 241 401 256 sed
412 241 489 257 sciebant
500 241 604 257 Hasdrubali
615 243 649 257 ter-

101 269 165 285 minum
184 270 275 290 quemdam
294 270 399 286 obstructum
417 275 454 285 esse
471 274 522 290 quem
539 275 591 289 nunc,
610 275 648 285 cum

102 298 157 314 socios
175 303 266 319 oppressos
282 304 320 314 esse
335 298 449 317 nuntiaretur,
465 298 579 314 Hannibalem
595 301 648 315 tmus-

101 332 179 348 gressum
190 332 228 343 esse
240 328 355 348 opinarentur
373 327 400 343 Ex
411 327 444 343 hac
456 327 534 348 opinione
546 327 610 343 factum
618 330 648 346 est,

101 359 120 372 ut
134 356 163 377 qui
174 356 248 376 primurn
259 356 335 372 Romani
346 356 437 377 scriptores
449 361 476 372 res
487 356 520 372 hoc
531 356 578 372 bello
590 359 648 377 gestas

101 385 193 401 memoriae
210 385 318 404 tradiderint,
333 385 362 401 vel
378 385 400 401 de
411 386 467 401 causis
478 386 519 401 belli
531 386 648 404 disseruerint,

101 413 119 429 id
135 414 211 434 inprimis
229 414 296 435 egerint
311 416 330 430 ut
345 414 444 435 probarent,
460 414 520 430 foedus
535 414 648 431 Hasdrubalis

100 445 157 459 ratum
172 448 214 459 esse.
238 443 320 464 Polybius
336 448 365 459 eos
379 443 477 464 exscripsit,
493 448 549 459 errore
565 448 598 459 non
614 444 649 459 ani-

100 472 199 491 madverso,
215 477 319 493 quamquam
334 472 356 488 de
372 472 405 488 situ
416 472 490 493 Sagunti
501 472 572 488 meliora
583 472 648 488 doctus.

101 500 136 517 Sed
153 506 193 516 curn
210 501 247 516 sive
263 501 339 516 Romani
356 506 397 516 mox
412 501 537 517 intellexissent
552 500 648 522 Saguntum

100 527 134 545 n'on
150 530 172 545 ad
183 529 244 546 foedus
255 529 368 546 Hasdrubalis
379 530 473 550 pertinere,
484 530 520 546 sive
532 530 586 546 Poeni
597 530 615 545 id
626 530 648 546 ad

100 558 168 579 eulpam
186 559 277 574 levandam
294 559 388 575 movissent
404 558 468 579 (Livius
485 559 518 575 hoc
533 559 648 574 Hannibalem

101 590 212 603 excusantem
223 587 271 606 facit,
283 588 301 603 in
312 588 388 604 oratione
400 588 422 603 ad
433 588 496 604 milites
507 588 573 603 habita:
586 590 614 606 „at
624 582 648 603 'cis

100 616 184 632 Hiberum
203 619 229 632 est
248 616 358 638 Saguntum&
378 616 492 632 confitendum
509 619 546 632 erat
563 616 648 632 Romanis

100 645 142 661 illud
158 645 218 661 foedus
234 650 268 661 non
284 651 321 662 esse
337 646 428 664 violatum,
444 648 462 661 et
477 646 499 662 ad
514 645 574 661 foedus
585 646 649 662 Lutatii

100 674 221 690 recurrendum
233 674 253 690 iis
265 677 306 690 erat
323 674 363 690 Hoc
374 677 432 690 tamen
442 680 477 690 non
488 674 528 690 feeit
538 674 601 690 Livius.
618 674 648 690 Ab

100 703 223 723 antiquioribus
235 708 291 719 rerum
302 698 421 719 Romanorum
432 703 550 724 scriptoribus,
562 708 600 719 cum
611 703 648 719 aliis

100 737 111 747 a
128 731 193 748 Catone
209 732 239 752 qui
257 732 324 748 Poenos
341 732 405 748 sexties
421 737 431 748 a
446 732 544 748 foederibus
555 732 648 748 decessisse

100 761 175 781 scripsit,
191 766 259 782 semper
274 761 334 777 foedus
349 761 461 777 Hasdrubalis
477 761 494 777 in
507 766 543 777 rem
555 761 612 777 vocari
623 761 648 777 vi-

100 790 161 809 debat,
172 793 191 806 ut
202 790 279 806 iniuriam
290 790 387 806 Poenorum
397 790 504 806 manifestam
511 790 591 806 facerent.
603 790 648 806 Hinc

99 818 159 835 Livius
170 819 207 835 sive
219 819 265 839 quod
275 819 350 839 priscum
362 824 437 835 errorem
447 824 482 835 nun
493 819 647 838 animadvertisset,

100 848 137 864 sive
152 851 171 864 ut
185 848 243 869 potius
258 849 309 864 credo
325 849 371 869 quod
383 848 460 864 fraudem
471 853 523 869 quam
534 848 648 864 committeret

99 877 182 892 leviorem
197 881 235 893 esse
251 879 326 898 putaret,
343 877 365 893 de
380 882 410 893 suo
426 876 475 893 finxit
490 877 538 897 quasi
549 877 567 893 in
578 877 647 893 foedere

99 905 162 922 diserte
178 905 269 927 Saguntini
287 906 355 926 excepti
367 908 428 922 assent.
451 906 510 922 Priore
521 906 568 925 loco,
580 906 609 921 ubi
620 911 648 922 res

100 937 159 955 gestas
174 935 234 954 tradit,
250 935 267 950 id
283 940 321 951 cum
333 935 406 956 quadam
417 935 523 951 dubitatione
534 934 583 954 fecit,
595 937 612 950 et
623 935 648 950 ita

101 966 119 979 ut
131 968 165 979 non
176 964 217 979 satis
229 963 275 980 clare
287 966 370 984 appareat
380 966 437 980 utrum
448 964 465 979 id
476 964 494 979 in
501 963 570 979 foedere
578 966 647 984 pactum

102 997 140 1008 esse
152 993 226 1009 voluerit
238 998 260 1008 an
268 998 277 1008 e
285 992 354 1009 foedere
362 993 458 1009 necessario
466 993 513 1013 sequi
520 992 535 1013 ¹)⁴
547 992 582 1009 Sed
587 995 648 1013 postea

123 1058 134 1078 ¹)
144 1058 174 1073 Liv.
186 1059 227 1073 XXI.
238 1063 251 1073 e.
263 1063 271 1073 2
282 1060 289 1076 ξ
301 1062 308 1077 7
320 1063 364 1078 „cum
374 1058 404 1073 hoc
414 1058 509 1074 Hasdrubale
520 1067 537 1069 —
546 1058 599 1073 foedus
605 1063 648 1073 reno-

101 1086 161 1098 vaverat
175 1083 187 1098 P
205 1083 233 1101 R„
246 1085 262 1098 ut
272 1083 304 1098 finis
315 1083 391 1102 utriusque
401 1082 458 1102 imperii
468 1085 506 1098 esset
516 1082 564 1098 amnis
574 1083 647 1101 Hiberus.
