852 1269
457 66 487 83 138

197 112 280 128 Punicum
296 112 313 128 11
327 112 446 131 tractaverint,
459 112 551 128 memoriae
563 118 600 128 esse
613 113 694 128 traditum
705 118 747 129 sena

197 141 244 156 milia
261 141 347 157 hominum
365 141 471 157 Placentiam
489 143 506 157 et
522 141 623 157 Cremonam
638 142 655 157 in
671 142 746 158 colonias

197 170 272 186 deducta
291 175 333 186 esse.
363 170 441 186 Eundem
460 175 549 186 numerum
567 171 631 186 habent
650 171 710 187 Livius
729 173 747 187 et

197 199 287 220 Polybius,
305 199 333 220 qui
349 199 402 220 igitur
416 199 439 215 ad
452 199 516 215 fontem
528 204 635 216 communem
647 200 746 216 Romanum

197 228 295 244 referendus
312 231 343 244 est.
370 228 406 244 Sed
423 231 494 249 uterque
511 234 546 244 non
564 234 624 247 unum,
642 229 673 245 sed
689 229 747 250 plures

197 260 275 273 auctores
286 258 376 273 Romanos
388 257 405 273 in
416 257 494 273 manibus
505 258 568 273 habuit.
586 257 645 274 Livius
657 258 681 274 ait
691 258 710 279 (e.
721 258 747 278 ²5)

197 286 293 302 triumviros
309 287 331 302 ad
347 292 407 307 agrum
423 286 544 307 assignandum
556 287 616 303 missos
627 292 638 303 a
649 287 697 303 Boiis
709 292 747 303 esse

198 316 323 331 circumventos
339 316 423 334 Mutinae:
437 315 488 332 tradit
499 316 625 332 triumvirorum
637 316 705 332 nomina
717 316 747 332 sed

197 345 244 360 addit
255 345 277 360 ab
290 345 327 361 aliis
339 345 429 360 annalibus
441 345 475 361 alia
483 345 552 361 nomina
561 345 613 364 tradi,
621 345 694 366 denique
701 345 747 366 apud

197 374 240 390 alios
252 374 284 390 hoc
296 379 330 390 non
341 374 363 390 de
375 374 475 392 triumviris,
486 374 517 390 sed
529 374 551 390 de
563 374 625 395 legatis
634 375 656 390 ad
664 377 746 395 expostu-

197 403 267 419 landum
286 403 341 419 missis
359 403 381 419 ad
398 403 450 419 Boios
467 403 535 419 narrari.
564 403 592 419 De
610 403 706 419 nominibus
723 404 747 419 ait

200 432 272 451 „Lutatii
293 437 355 448 nomen
372 432 418 448 haud
435 432 505 448 dubium
522 432 564 451 est'';
583 433 641 453 itaque
658 433 746 449 minimum

197 462 240 477 duos
252 462 322 477 annales
334 461 393 477 habuit
405 462 434 482 qui
445 462 462 477 in
474 462 507 478 hoc
520 462 588 478 nomine
600 462 716 481 concinerent,
729 462 745 478 in

197 491 266 511 reliquis
284 490 403 511 discreparent
426 490 509 511 Polybius
524 493 582 507 autem
598 491 612 507 si
627 496 679 507 unum
691 496 746 512 neque

197 520 255 540 plures
271 520 304 535 hoc
320 520 359 535 luco
372 520 459 535 annalium
471 520 571 540 scriptorem
582 520 703 538 consuluisset,
715 520 748 536 tria

197 549 266 564 nomina
284 554 307 564 ex
326 554 348 564 eo
368 549 461 567 didicissem
481 551 540 565 eontra
559 549 573 565 is
591 549 642 565 etiam
659 549 747 565 Lutatium

197 578 253 594 solum
270 578 346 594 nominat
356 577 371 598 ¹).
394 578 480 599 Apertum
497 580 523 594 est
539 578 590 594 etiam
606 578 698 599 Polybium
713 578 747 594 duo

197 607 226 623 vel
241 607 299 628 plures
315 607 385 623 annales
398 607 416 623 in
427 607 506 623 manibus
517 607 598 623 habuisse
610 610 627 623 et
639 612 662 623 ex
673 607 693 623 iis
705 607 747 623 iilud

198 638 264 652 tantum
276 641 338 652 nomen
350 636 478 652 conservavisse
486 636 534 652 cuius
541 641 600 652 omnes
608 639 687 652 auctores
694 639 746 655 erant,

198 665 232 681 alia
247 665 323 681 omisisse
339 666 385 686 quod
400 665 417 681 in
428 665 461 681 hac
473 665 587 686 discrepantia
598 670 657 681 verum
669 665 747 686 indagari

197 699 248 715 posse
262 695 365 715 desperaret
374 704 394 706 —
402 694 435 710 His
441 695 538 711 auctoribus
543 695 628 711 Romanis
634 694 717 715 Polybius
722 695 747 711 ita

197 729 238 740 usus
256 726 289 743 est,
305 727 324 740 ut
339 729 362 740 ex
376 724 396 740 iis
407 724 521 740 narrationem
533 729 581 740 suam
592 724 635 740 bel-li
646 724 746 743 illustraret,

198 753 269 769 subinde
286 753 348 769 additis
359 753 411 769 rebus
422 753 490 769 Romae
502 753 564 774 gest-is,
575 755 595 769 ut
607 755 702 774 exponeret
712 758 747 774 quo

198 782 255 798 animo
273 785 330 798 essent
347 782 394 798 cives
411 782 487 798 Romani
502 785 520 798 et
535 781 617 801 Senatus,
632 787 665 802 qua
676 787 707 803 spe
719 782 748 798 vel

198 813 245 827 metu
261 811 373 827 afficerentur.
396 811 435 827 Huc
451 811 537 832 pern'nent
548 811 579 827 111.
590 816 604 827 c.
616 812 635 827 61
649 812 657 830 ἐ
670 816 721 831 7—9;
733 816 747 827 c.

198 841 219 856 68
235 841 243 860 fi
261 846 323 860 97¹2,
339 845 410 861 quarum
424 840 493 861 quidem
504 840 578 861 partium
590 840 633 856 alius
645 842 705 856 auctor
715 839 747 856 fuit

198 874 249 890 quam
261 869 305 886 Livii
318 875 332 885 c.
344 874 418 889 49—51,
431 869 460 890 qui
471 870 493 885 de
505 868 606 890 Sempronio
617 869 670 890 longe
680 862 747 885 diveisa

198 899 262 917 tradam
280 899 341 915 deinde
359 904 373 915 c.
390 900 411 918 85
427 900 435 918 ἕ
451 900 461 914 6
476 908 497 910 —
511 903 525 914 e.
538 900 559 914 8⁶
571 900 579 918 ἐ
593 903 610 919 7,
621 898 650 914 ubi
662 898 747 914 contraxit

198 928 281 948 Polybius
295 928 409 944 narrationem
422 933 467 949 quae
479 928 552 948 amplior
563 930 612 944 extat
623 928 669 948 apud
679 927 747 943 Livium

199 957 259 973 XXJI.
275 962 289 973 c.
306 962 314 977 7
327 958 335 976 ἓ
347 958 357 973 6
369 966 390 968 -
402 962 416 973 c.
429 958 438 973 8
449 957 468 978 ²);
480 957 516 973 Pol.
528 962 542 973 c.
555 962 585 977 75,
596 956 628 972 XI.
641 962 655 972 c.
669 958 698 975 26,
709 956 747 972 alia-

220 1025 231 1045 1)
242 1025 258 1040 c.
270 1030 289 1044 40
300 1027 307 1043 ς
318 1030 335 1044 9:
346 1025 363 1040 z„
372 1025 577 1042 ,ῖςῆνηιοςιηπάηοςῆτὴν
584 1026 633 1040 amam
640 1026 748 1045 ἀρχὴηηηφώς,

198 1052 210 1066 οἱ
219 1051 234 1066 δὲ
243 1051 267 1066 δύο
277 1051 300 1067 τὴν
310 1051 392 1068 &gaudinum

218 1074 231 1095 ²)
241 1075 272 1090 Csr.
283 1074 322 1090 enim
332 1074 372 1090 Lim:
384 1077 409 1094 „et
419 1079 485 1090 eum...
496 1075 540 1090 turba
581 1074 612 1090 Pol.
626 1074 644 1093 85
657 1076 664 1093 ξ
675 1075 692 1089 8:
703 1076 748 1095 διόπιρ
