852 1269
460 70 491 92 ²30

200 121 270 137 libertas
292 121 379 142 popularis
399 121 493 137 adiutorem
514 123 532 136 et
551 120 656 137 defensorem
675 121 749 141 aliquem

201 155 264 171 magna
281 152 367 171 potesate
382 150 482 166 insu-uotum
497 150 583 170 poposcit,
599 155 621 166 ne
634 155 709 166 summus
720 150 749 166 vel

201 179 267 195 medius
278 179 320 195 ordo
333 179 395 195 civium
407 179 511 200 opprimeret
521 178 601 195 infimum.

223 207 266 224 Cum
278 210 336 223 autern
347 208 364 223 in
376 207 446 223 foedere
458 207 535 223 Achaico
547 208 558 223 ii
570 213 641 228 quorum
652 208 749 224 voluntates

201 237 271 252 alicuius
288 237 369 253 momenti
385 239 442 252 essent
456 237 474 252 in
489 237 578 257 republica
589 237 665 257 gerenda
676 237 749 253 Aratum

201 265 270 281 mirifice
290 266 376 284 colerent,
398 266 453 286 ipsam
471 265 596 281 multitudinem
615 271 653 281 cum
672 268 749 286 tempore

200 294 250 310 Arati
267 291 303 310 tum
320 297 380 315 postea
395 299 428 310 non
440 299 507 315 semper
518 299 557 310 eum
568 294 589 310 iis
600 294 705 310 consensisse
717 295 747 310 ali-

200 323 267 343 quoties
278 325 354 344 apparet.
372 323 416 339 Nam
428 323 539 339 multitudinis
550 328 603 344 opera
614 323 678 339 facturn
689 326 722 342 est,
730 326 749 339 ut

200 354 290 373 postquam
306 352 393 368 Mantinea
407 352 424 368 in
438 352 481 368 urbe
493 354 544 372 capta
554 357 607 368 novas
619 352 668 373 leges
680 353 749 368 easdem

200 386 242 401 quas
259 380 332 401 Spartae
349 381 420 397 dederat
437 381 508 397 instituit
524 381 625 397 Cleomenes
639 381 669 401 (Pl.
684 381 748 397 Cleom.

200 415 214 425 c.
228 410 260 430 14),
272 410 331 430 paullo
342 412 382 430 post
393 409 429 425 fere
440 412 477 426 tota
488 410 504 425 ei
515 412 583 430 pateret
594 410 650 426 subito
661 410 747 430 Pelopon-

199 443 258 457 nesus,
279 438 368 459 Caphyae,
386 438 466 457 Pellene,
485 438 575 457 Pheneus,
594 438 661 459 Argos,
680 438 747 458 Phlius,

200 467 284 486 Cleonae,
303 467 409 488 Epidaurus,
428 467 530 486 Hermione,
549 467 629 486 Troizen,
649 467 747 486 Corinthus,

200 496 236 512 sine
252 496 288 512 ulla
304 496 330 515 vi,
349 499 387 515 „aut
402 496 436 512 fide
451 499 480 512 aut
495 499 542 512 metu
560 496 647 512 inducta&
659 496 682 517 (P.
694 496 715 512 Π.
728 502 747 516 ⁵²

200 526 208 544 ἕ
230 531 236 541 ι
256 525 286 546 sq.)
303 525 325 541 ad
342 530 381 541 eum
396 525 502 544 defeeerunt;
518 525 610 546 Sicyonem
625 526 666 546 quin
679 528 749 546 caperet

199 553 286 574 prohibuit
299 553 384 575 Antigoni
395 554 485 573 adventus3
497 559 548 570 unam
559 554 678 575 Megalopolis:
688 554 747 574 paullo

200 585 240 599 ante
252 583 302 599 amici
313 583 452 603 Philopoemenis
464 583 503 599 odio
515 582 587 604 Spartae
598 583 640 599 moti
651 583 667 599 ei
678 583 747 599 foedere

200 612 294 633 adiungere
311 612 406 627 noluerunt
436 611 470 628 Cur
486 612 509 627 ab
525 611 581 628 Arato
598 611 691 628 defecerint
707 612 747 628 illae

200 641 252 656 urbffi
263 641 343 657 discimus
354 646 365 656 a
376 641 477 659 Plutarcho;
489 641 503 656 is
515 641 560 656 enim
572 641 611 657 ideo
622 641 691 661 plebem
696 641 748 662 Argi-

200 675 240 685 vam
257 675 298 685 mox
315 670 365 686 Arati
382 670 441 686 amicis
458 670 513 685 denuo
529 670 628 686 obsecuta-m
643 675 680 686 esse
697 670 748 686 tradit

201 698 270 719 (Cleom
282 704 296 714 e,
309 699 336 719 20)
347 699 393 719 quod
404 704 435 719 spe
447 698 526 715 fi'ustrata
538 701 590 717 esset;
601 704 635 715 non
643 699 688 715 enim
695 699 748 720 Argis

200 730 219 744 ut
236 727 342 747 Mantineae,
360 728 417 743 statim
435 727 536 744 Cleomenes
551 728 600 748 leges
616 733 656 743 suas
667 730 685 743 et
695 733 748 744 novas

200 756 268 772 tabulas
284 757 384 772 instituerat.
402 766 422 768 —
440 756 519 777 Denique
534 756 644 772 novissimum
657 756 722 772 bellum
733 762 748 772 a.

203 791 233 805 ¹49
251 791 290 802 curu
306 786 391 802 Romanis
406 788 483 806 gestum,
498 788 553 801 toturn
567 785 598 801 fuit
609 785 720 801 multitudinis
731 788 748 802 et

200 815 264 835 plebis,
281 817 298 831 et
313 817 332 830 ut
347 814 384 831 fieri
395 815 412 830 in
423 815 487 830 talibus
497 815 549 830 rebus
560 815 612 833 solet,
623 815 685 835 partim
696 815 748 830 admi-

200 844 282 859 rationem
294 846 352 860 movet
363 844 424 864 ingens
435 843 494 864 mag-ni
501 843 561 864 populi
568 843 626 862 ardor,
633 843 748 864 parthau-iste

201 872 317 893 spectaculum
335 872 384 888 offert
401 872 475 893 populus
492 872 586 888 inconsulte
602 877 656 893 agens
670 875 688 888 et
699 872 748 888 bonis

201 901 272 917 ducibus
288 906 351 917 carens.
374 901 425 922 Quod
439 901 460 917 de
472 906 493 917 eo
504 901 551 917 bello
562 903 597 917 tam
608 901 670 922 ffigide
681 901 748 917 locutus

201 932 228 946 est
238 930 328 951 Polybius,
339 935 373 946 non
384 931 440 946 solum
451 930 535 946 amicitiae
543 930 661 946 Romanorum
668 930 695 950 (ea
703 930 748 946 enim

201 964 235 975 non
251 960 337 980 prohibuit
354 960 395 980 quin
412 960 453 975 alibi
470 959 546 975 favorem
561 964 617 975 rerum
633 959 747 975 Achaiearmn

201 988 313 1009 profiteretur)
324 989 355 1004 sed
366 989 421 1009 plebis
433 988 525 1005 contemtui
537 988 645 1004 tribuendum
656 991 686 1004 est.

224 1017 346 1038 Quamcunque
363 1020 420 1034 autern
437 1018 509 1033 civitatis
523 1017 595 1033 fon-nam
610 1018 698 1033 meliorem
709 1023 747 1034 esse

201 1046 287 1067 putaverit
302 1046 369 1067 aliquis,
385 1052 503 1067 quamcunque
517 1046 599 1067 Polybius
610 1046 647 1067 ipse
658 1047 746 1067 praetulit,

202 1077 268 1091 constat
285 1080 353 1091 causam
370 1075 420 1091 Anti
437 1081 468 1096 per
484 1081 503 1091 se
517 1076 564 1091 nullo
580 1075 631 1091 modo
646 1075 747 1092 sanctiorem
