852 1269
376 76 407 91 229

117 120 205 140 praebuit,
221 122 238 135 et
254 119 317 135 insidiis
332 119 378 135 fram-i
392 119 474 135 faciendis
485 120 555 139 relictis,
567 120 626 136 Roma
637 121 665 136 de-

118 148 173 164 cessit.
197 148 270 164 Senatus
286 148 312 164 ira
323 153 413 164 succensus
425 148 508 164 beneficia
520 149 535 164 ei
547 149 588 165 data
599 149 664 168 adimit,

119 180 136 193 et
153 177 171 193 P.
189 177 272 193 Licinium
289 177 366 198 legatum
383 180 422 198 post
440 182 478 193 eum
495 178 512 193 in
529 177 589 193 Asiam
606 178 665 197 mittit,

120 206 156 225 „cui
172 211 215 227 quae
230 207 310 222 mandata
326 206 400 225 dederit,
415 206 439 222 ait
453 206 544 227 Polybius,
558 207 604 222 haud
615 207 665 223 facile

118 235 164 251 dictu
180 238 213 254 est,
230 235 260 251 sed
272 235 327 251 conici
337 237 395 255 potest
406 240 429 251 ex
440 235 460 251 iis
472 240 515 256 quae
527 238 588 256 postea
599 236 664 252 accide-

119 264 165 280 rint''.
188 264 234 280 Acta
249 264 286 284 ipsa
300 266 368 280 senatus
383 264 397 280 si
413 267 505 285 cognosset
520 264 609 285 Polybius,
621 265 665 280 haec

116 293 181 309 nescire
192 298 227 308 non
238 293 326 313 potuisset
514 297 516 299 ’

139 322 158 338 Ιῃ
170 327 191 338 ea
202 324 251 343 parte
263 322 368 343 singulorum
380 322 461 338 librorum
473 327 525 343 quam
536 323 588 338 rebus
599 323 664 338 Rorna-

116 351 141 367 nis
159 351 206 367 dedit
223 351 306 372 Polybius
321 354 339 367 et
353 351 396 367 actis
407 354 484 370 senatus,
496 356 564 372 semper
575 352 665 368 commoda

116 383 133 396 et
145 385 195 396 casus
206 380 283 401 gentium
295 382 412 398 externarum,
423 380 464 401 quid
476 385 487 396 a
498 383 558 396 senatu
565 381 664 401 petiverint,

116 409 156 430 quid
174 409 198 425 eis
215 414 315 430 responsum
332 409 361 428 sit,
378 409 451 429 primum
469 409 525 425 locum
542 409 627 428 obtinent,
642 409 663 425 de

93 457 95 459 q
116 438 167 454 rebus
181 438 250 459 proprie
265 438 349 454 Romanis
360 438 426 454 nonnisi
438 438 494 454 obiter
504 438 588 454 interdurn
599 438 663 454 mentio

115 467 142 485 fit;
154 470 172 483 et
183 467 237 483 sicubi
249 472 270 483 ea
280 466 308 485 fit,
319 467 363 483 ratio
370 467 421 487 plane
430 467 497 483 diversa
505 467 664 487 estascriptoribus

114 496 192 512 romanis.
215 496 249 512 Sic.
264 496 327 512 XXX
343 501 357 512 c.
375 501 393 515 ¹3
409 496 429 511 L.
444 495 515 512 Anicius
527 496 582 512 victor
593 495 663 512 Genthii

114 527 154 545 post
169 525 273 545 triumphurn
287 530 302 540 a.
316 526 345 545 167
359 525 408 541 ludos
419 525 488 541 Romae
499 525 571 541 instituit
582 525 662 541 ridiculos

113 556 183 575 propter
201 556 278 575 agrestes
296 556 313 569 et
330 554 403 570 incultos
420 559 480 570 mores.
510 553 548 569 Res
565 559 633 574 promus
651 559 661 570 e

114 585 171 599 mente
185 583 269 604 elegantis
281 583 369 599 cuiusdam
380 583 412 598 viri
423 582 485 599 Graeci
496 583 594 603 propositae
605 585 660 599 osten-

114 612 156 628 dunt
172 612 214 627 nihil
231 612 329 628 Romanum
346 612 362 627 h.
380 612 391 627 l.
406 612 450 632 leg-i;
466 617 496 627 eas
511 612 589 627 adscribo
605 612 661 628 eidem

113 641 155 657 fonti
173 641 200 657 cui
217 641 279 656 XXX.
296 646 309 657 e.
326 646 344 660 4,
359 641 446 657 traditioni
460 640 564 657 Graecorum
581 641 609 661 qui
624 643 660 656 tum

113 670 182 686 Romae
199 670 290 691 degebant
313 669 349 686 Sed
364 670 415 685 etiarn
430 670 450 685 iis
465 670 524 690 paucis
538 670 588 688 locis,
600 670 661 690 quibus

113 704 140 715 res
155 699 223 719 proprie
238 699 327 715 Romanas
342 699 408 719 attigit,
421 704 541 719 nonnunquam
553 699 661 715 credibiliora

112 731 169 744 narrat
181 733 231 749 quam
243 728 313 745 annales
324 728 394 744 Liviani.
418 727 447 744 Sic
460 728 479 743 P.
491 727 558 744 xvm
570 733 584 743 c.
596 733 616 747 42
629 729 637 747 5
649 733 658 748 3

112 757 136 773 Cl.
149 757 241 773 Marcellus
252 757 358 773 consulatum
369 757 406 772 iniit
417 762 432 772 a„
443 758 479 777 ¹9⁶3
487 759 578 777 postquam
584 757 660 777 Philippi

111 786 166 806 legati
177 786 194 801 in
205 789 266 801 senatu
277 786 330 801 auditi
342 788 380 801 sunt
392 786 413 801 de
425 790 476 806 pace,
486 782 547 801 consul
558 785 576 801 in
588 785 659 801 comitiis

111 815 202 835 prohibere
214 815 271 830 studet
278 820 300 830 ne
308 815 381 835 populus
389 820 450 835 pacem
458 814 550 833 confirmet,
557 815 587 830 sed
594 814 659 833 frustra,-

111 846 180 860 senatus
197 843 253 859 statim
271 843 377 859 decemviros
392 844 448 859 mittit.
471 843 534 859 Contra
548 843 618 859 annales
632 848 658 864 ap.

111 873 147 888 Liv.
163 872 252 888 XXXIH.
269 878 283 888 c.
296 878 316 892 24
328 873 352 888 ita
363 873 439 888 tradunt:
451 873 498 888 exitu
510 872 563 888 ferme
575 872 614 888 anni
628 878 657 892 197

112 902 178 918 litterae
196 901 270 922 Quinctii
285 902 307 917 de
322 907 389 922 pugna,
404 902 453 917 brevi
467 904 506 922 post
517 902 571 922 legati
583 901 659 917 eiusdem

111 933 129 947 et
143 931 219 951 Philippi
232 931 307 947 veniunt.
331 931 358 946 De
369 936 413 951 pace
424 931 522 949 audiuntur,
534 931 593 946 decem
605 931 659 951 legati

111 965 122 975 a
133 962 194 976 senatu
205 960 296 976 mittuntur.
314 960 377 976 Postea
389 960 408 980 (c.
421 960 658 981 25)eonsu1esmagistratmn

111 989 177 1007 ineunt,
190 992 208 1005 et
219 994 257 1005 cum
269 989 291 1005 de
301 989 393 1010 provinciis
404 991 485 1010 ageretur
493 991 511 1005 et
518 989 585 1005 Italiam
593 989 659 1009 utrique

111 1018 216 1038 provinciam
236 1021 305 1034 senatus
322 1018 431 1037 decerneret,
449 1021 467 1034 ut
484 1018 658 1034 Macedoniam-cum

111 1047 161 1063 Italia
176 1047 276 1063 sortirentur
290 1047 387 1063 tendebant.
410 1047 490 1063 Fortasse
505 1048 563 1063 consul
576 1053 586 1063 a
597 1050 657 1063 senatu

110 1076 211 1092 obtinuisset
228 1078 247 1092 ut
261 1081 322 1097 pacem
338 1076 413 1095 tolleret,
430 1076 461 1092 nisi
475 1076 538 1092 tribuni
551 1076 607 1097 plebis
618 1081 657 1092 eum
