852 1269
367 86 396 105 1b3

109 134 165 150 tineae
182 134 206 150 ita
223 134 330 154 exposuisse,
345 136 364 149 ut
379 134 444 149 animos
459 134 542 149 lectorum
557 134 579 149 ad
590 133 653 149 rniseri-

109 163 183 178 cordiam
205 165 282 179 moveret
301 165 318 178 et
335 162 385 178 Arati
402 162 519 183 Antigonique
536 162 654 178 crudelitatem

110 192 211 208 ostenderet
234 191 270 208 Sed
285 197 307 207 ex
322 192 342 207 iis
358 197 402 212 quae
418 197 429 207 a
444 191 541 212 Phylarcho
552 191 654 207 Plutarchus

110 221 192 240 servavit,
210 223 281 241 apparet
299 221 350 237 etiam
367 221 409 236 alias
427 221 508 241 quasdam
523 226 550 237 res
566 221 655 236 tradidisse

110 250 232 271 Phylarchus-n,
248 250 309 270 quibus
324 252 354 266 aut
369 250 470 266 eontrarium
485 250 551 270 scripsit
564 250 655 270 Polybius,

84 294 87 296 .
110 282 139 295 aut
154 284 196 299 quas
211 279 279 295 silentio
293 279 410 299 praetermisit,
428 288 448 290 —
462 279 490 295 Ac
503 279 575 299 primum
587 279 655 299 quidem

110 308 192 328 Polybius
204 308 250 324 cives
260 308 357 323 Mantineae
365 308 466 329 gravissima
473 313 529 328 poena
535 308 597 328 dig-nos
603 307 655 323 fuisse

110 336 205 355 contendit;
220 336 279 357 paullo
295 339 335 352 ante
347 337 399 355 enim,
411 341 450 352 cum
461 337 483 352 ab
495 336 549 352 Arato
562 337 584 352 ad
595 336 656 352 foedus

111 365 206 381 Achaicum
221 365 290 381 adducti
304 368 368 384 essent,
379 365 482 386 praesidium
494 366 515 381 ab
527 365 602 381 Achaeis
613 365 656 386 peti-

110 397 177 413 verant,
191 397 208 410 et
220 396 305 410 trecentos
317 394 364 410 cives
375 394 485 410 Achaeorum
496 399 535 410 cum
546 394 656 410 conducticiis

111 423 192 439 militibus
207 424 283 439 ducentis
298 424 342 439 intra
357 424 425 439 moenia
436 426 545 444 acceperant,
557 428 598 439 mox
609 423 656 439 bello

111 452 190 468 intestino
202 455 239 468 orm
247 452 392 468 Lacedaemonios
400 452 521 468 invocaverant
529 455 546 468 et
553 457 591 468 cum
598 457 657 468 eorum

111 481 175 497 auxilio
190 481 293 501 praesidium
309 481 418 497 Achaeorum
430 481 559 497 trucidaverant.
571 490 592 492 —
604 481 657 501 Apud

111 510 222 526 Plutarchum
239 513 298 526 contra
314 510 388 531 legimus
403 510 506 531 praesidium
521 510 631 526 Achaeorum
646 515 657 525 a

112 539 176 555 civibus
191 541 209 555 et
225 538 313 559 Spartanis
328 544 351 555 ex
366 539 408 555 urbe
421 539 489 559 pulsum
500 544 538 554 esse
548 538 563 559 ¹).
585 538 613 554 Ex
624 538 657 554 illis

111 568 180 589 Polybii
196 568 253 584 verbis
273 570 398 587 »στασιάσαντες
413 569 452 589 πρὸς
470 568 519 588 wa?
534 568 594 588 cuique
609 570 658 588 patet

112 597 153 617 quid
167 602 227 613 revera
242 597 307 613 factum
322 597 348 613 sit.
374 597 439 613 Aratus
454 597 513 613 urbem
528 597 581 613 invita
594 601 658 617 magna

112 626 175 642 civium
186 628 235 647 parte
246 626 311 642 foederi
323 626 400 642 Achaico
411 626 520 645 adiunxerat;
528 626 578 647 pauci
584 626 613 646 qui
619 631 658 641 cum

113 660 133 671 eo
149 655 243 674 faciebant,
259 655 343 676 praesidio
359 655 402 671 alios
417 655 517 671 cohiberent
532 651 602 671 necesse
613 657 658 673 erat3

112 684 143 700 sed
155 689 196 700 mox
207 684 261 700 maior
271 689 311 705 pars
322 684 422 700 seditionem
434 684 523 703 excitavit,
535 689 585 704 quam
592 683 658 699 Achaei

112 713 174 729 frustra
191 713 242 729 armis
258 713 362 734 supprimere
378 713 442 731 conati,
458 713 480 729 ab
494 713 594 728 adservariis
608 712 658 728 inter-

114 742 154 758 fecti
166 744 209 757 sunt-
227 742 309 762 Polybius
320 742 375 757 minus
386 744 433 757 recte
444 747 511 762 semper
522 742 544 757 de
555 741 621 757 civibus
634 742 659 759 ,οἱ

114 771 216 789 Μαντινεῖς”
228 771 309 791 loquitur,
321 771 368 791 quasi
380 771 431 786 iidem
442 770 512 786 fuissent
522 770 550 791 qui
556 770 659 790 praesidium

114 800 136 815 ab
147 799 223 816 Achaeis
234 800 342 820 petivissent,
354 800 405 815 iidem
416 800 445 820 qui
457 799 583 815 interfecissent.
599 799 659 819 Neque

114 829 234 845 animadvertit
248 829 268 844 iis
279 829 308 849 qui
320 829 367 844 illam
380 828 501 848 „libertatem’',
513 829 535 844 ab
547 828 601 844 Arato
613 828 630 843 vi
642 830 659 843 et

114 858 165 873 anuis
185 858 281 878 impositam
300 860 318 874 et
336 858 420 878 praesidio
440 857 534 876 defensam,
554 859 659 875 recusarent,

115 886 156 902 nihil
173 886 220 902 aliud
236 886 318 902 restitisse
335 892 385 907 quarn
401 889 421 902 ut
436 887 525 902 occasione
540 887 581 902 data
596 886 660 901 eisdem

115 915 166 931 armis
183 915 300 934 „liberatores”
314 916 406 936 pellerent,
421 916 449 931 vel
461 916 475 931 si
486 915 533 931 abire
544 915 609 931 nollent
620 920 660 930 con-

114 944 188 960 ficerent.
205 953 226 956 fi
242 944 309 960 Deinde
325 944 407 965 Polybius
419 944 445 965 (Π.
458 945 477 964 58
490 946 498 963 ἓ
512 944 536 964 12)
548 944 604 959 omisit
614 944 660 964 quod

115 973 168 989 tradit
178 973 280 989 Plutarchus
292 973 326 994 (Ar.
338 978 352 989 cl
365 973 391 994 45)
402 973 515 989 nobilissimos
527 973 572 988 cives
584 973 625 988 urbe
637 972 659 988 ab

115 1002 190 1018 Achaeis
207 1004 308 1022 recuperata
324 1002 417 1018 trucidatos
433 1007 474 1018 esse.
498 998 543 1022 Quid
558 997 617 1017 verum
630 1001 660 1019 sit,

115 1031 203 1047 diiudicari
224 1031 289 1051 nequit;
309 1031 340 1046 sed
356 1033 402 1046 certe
419 1030 502 1051 Polybius
519 1030 536 1046 in
552 1029 660 1046 recensendis

132 1093 149 1113 ·')
159 1094 216 1109 Cleom.
228 1098 247 1111 14
257 1095 356 1114 Μικβιλάνι-ις
364 1095 387 1109 τὴν
397 1094 451 1113 φρυυρῐιν
461 1096 485 1108 τῶν
495 1093 557 1113 'Axonam
