852 1269
364 86 383 101 77

102 129 179 148 Pullum,
197 130 213 145 in
231 129 273 145 duos
291 134 344 145 annos
361 129 387 150 (15
406 131 424 145 et
443 130 470 147 ιδ,
487 129 515 144 vel
531 134 563 148 ²50
578 131 596 145 et
612 129 649 150 ²49)

101 158 210 174 distribueret
223 158 242 179 (e.
257 163 278 178 49
290 159 298 177 ἓ
311 163 320 177 3
333 160 351 173 et
362 163 376 173 α
389 163 408 177 ⁵²
421 159 430 177 g
442 157 465 178 5),
477 163 516 173 curn
527 160 598 178 uterque
610 163 648 178 per-

100 187 154 203 tineat
169 187 192 202 ad
206 192 269 202 annum
285 186 327 202 belli
345 187 372 205 16,
387 186 416 202 vel
433 191 473 206 2493
489 186 506 202 id
520 191 554 202 non
566 186 621 202 solum
633 187 649 202 ei

100 215 205 236 expediebat
229 216 275 236 quod
294 215 318 231 ita
337 220 399 231 annum
418 215 474 235 priore
493 220 550 231 errore
569 215 649 231 amissum

101 245 200 265 reparabat,
216 244 246 260 sed
261 244 312 260 etiam
329 244 375 264 quod
390 244 414 260 ita
430 244 463 260 duo
475 249 549 265 mag-nae
561 244 649 265 Roma-no-

100 279 138 289 rum
156 274 214 289 clades
231 274 258 294 (ad
275 273 357 294 Drepana
374 276 391 289 et
409 274 431 289 ad
449 273 561 294 Camarinam)
575 274 593 289 in
606 274 649 289 duos

100 308 154 319 annos
165 303 318 322 distribuebantur,
331 308 375 323 quae
386 305 443 318 tamen
455 303 477 319 ad
489 303 562 319 eundem
571 308 603 323 ²49
611 308 649 324 per-

100 332 155 348 tinent
165 331 180 352 ¹).

123 361 158 377 Sed
177 361 245 377 fuerunt
264 362 293 382 qui
314 362 445 380 contenderent,
464 361 556 382 Polybium
575 362 649 382 partium

100 390 157 406 studio
173 393 278 411 correptum,
290 390 368 406 consulto
380 390 446 411 aliquot
457 395 484 406 res
495 395 585 411 perperam
597 390 648 406 tradi-

100 419 150 435 disse.
173 419 200 435 Ae
218 419 291 440 primum
308 419 378 440 quidem
394 419 466 439 Peter')
482 419 542 435 statuit
556 419 648 440 Polybium

100 448 191 464 inimicitiis
208 448 295 464 inductum
313 453 357 469 quae
374 448 418 464 inter
435 448 508 464 familias
525 448 617 464 Fabiorum
632 450 650 464 et

100 476 200 497 Scipionum
219 477 260 493 olim
278 477 417 495 intercesserant,
437 477 469 493 hoc
487 477 546 493 odium
563 477 615 493 etiam
632 478 649 493 in

100 505 173 521 Fabium
188 506 274 521 annalium
288 508 376 521 auctorem
387 506 486 526 pertulisse;
498 511 538 522 eum
549 505 603 522 Fabio
614 511 649 522 non

101 540 149 550 suum
164 535 217 551 decus
232 535 311 550 tribuisse
327 535 367 555 quia
382 535 431 550 nimis
445 535 493 550 daret
504 535 601 551 auctoritati
613 534 649 551 Sci-

101 564 156 584 pionis
172 564 243 584 eiusque
257 557 350 579 amicorum
363 568 435 584 quorum
447 564 570 579 consuetudine
581 564 649 580 Romae

101 593 185 608 utebatur.
208 592 229 608 Id
244 597 277 608 non
294 592 349 608 solum
364 592 417 613 longe
432 592 504 613 petitum
520 592 560 608 mihi
574 593 649 611 videtur,

101 622 132 638 sed
149 622 201 638 etiam
219 627 241 638 ex
258 621 299 642 ipsis
316 622 368 638 rebus
383 624 463 642 apparet,
479 622 571 642 Polybium
586 622 603 638 in
616 622 649 638 hoc

101 651 148 666 bello
159 651 254 666 enarrando
265 651 334 666 minime
346 651 415 666 ductum
427 656 465 666 esse
477 651 532 667 studio
544 651 601 671 gentis
608 651 649 667 Cor-

101 680 161 696 neliae.
184 680 254 695 Nullam
269 685 339 700 operam
353 680 430 696 adhibuit
441 680 464 695 ad
475 680 565 696 levandam
577 680 649 700 ignomi-

101 708 147 724 niam
169 709 188 724 P.
211 708 285 725 Cornelii
305 708 390 729 Scipionis
409 708 474 724 Asinae
493 709 513 729 (a
533 709 580 729 260),
601 709 650 725 cuius

101 738 216 754 calamitatem
232 738 292 758 reliqui
308 738 400 758 scriptores
411 737 494 758 perfidiae
505 737 602 753 Poenorum
613 738 649 753 sine

102 767 137 782 ulla
154 767 206 787 ipsius
224 767 275 787 culpa
292 767 417 782 adscribebant.
442 766 519 785 Deinde,
537 767 583 787 quod
598 766 650 782 etiam

101 796 157 816 magis
172 796 233 812 mirum
246 798 280 814 est,
291 796 357 811 nullam
368 796 472 812 mentionem
483 796 524 811 fecit
535 796 649 816 expeditionis

102 830 113 840 a
123 825 143 840 L.
155 824 235 841 Cornelio
246 824 327 845 Scipione
338 825 357 845 (a.
367 825 403 845 259)
411 825 428 840 in
436 824 522 840 Corsicam
530 827 548 840 et
553 824 649 841 Sardiniam

101 853 157 870 factae
174 856 192 870 et
209 854 285 870 eiusdem
301 854 386 874 triumphi.
410 854 431 869 Id
446 854 470 870 ita
485 856 551 869 tantum
566 854 649 874 explicari

101 885 166 903 potest,
183 885 202 898 ut
217 883 234 898 in
250 883 301 898 rebus
316 883 338 898 ad
355 882 432 899 Siciliam
443 883 497 903 gestis
508 883 569 898 sedulo
580 888 599 898 se
610 888 649 898 con-

102 912 178 930 dunen-in
194 912 225 927 sed
239 911 339 932 Scipionum
350 911 423 932 gloriam
436 911 452 927 ei
463 916 523 932 pamm
535 916 586 927 curae
597 911 649 927 fuisse

102 941 160 961 utique
171 943 247 961 apparet.

124 1014 135 1035 1)
149 1014 173 1029 lta
186 1014 244 1034 explico
257 1019 323 1029 errorem
335 1019 345 1029 a
355 1014 417 1034 Polybio
428 1014 443 1029 in
453 1014 490 1029 serie
501 1014 613 1034 magistratuum
624 1014 651 1030 ad-

102 1038 170 1057 missum,
181 1044 226 1058 quern
237 1044 272 1054 cum
282 1039 369 1054 lachmann
379 1039 394 1054 iu
405 1039 435 1054 diss
451 1039 470 1054 de
480 1039 517 1054 sont.
525 1039 557 1054 Liv.
565 1039 650 1054 etMichae-

101 1063 119 1078 lis
129 1063 197 1083 (Quaest.
207 1064 227 1079 de
237 1064 252 1079 b.
263 1064 279 1078 P.
290 1069 312 1083 pr.
324 1069 339 1083 p.
351 1068 378 1083 15¹
390 1063 426 1084 sq.),
438 1066 470 1079 tum
477 1064 500 1079 alii
508 1064 649 1079 animadverterunt.

122 1088 135 1108 Ἰ)
145 1089 196 1107 Peter,
208 1088 247 1103 Hist.
258 1089 302 1103 Rom,
314 1089 351 1103 Reu.
363 1094 377 1108 p.
389 1089 471 1103 Lxxxxv.
