852 1269
355 79 384 93 ¹35

96 122 199 143 Exemplum
211 122 282 138 afferam
293 128 303 138 e
314 114 371 143 priore
382 125 439 143 parte:
451 123 562 138 Numidarum
568 123 590 138 ab
597 123 644 139 Han-

95 151 152 167 nibale
167 152 189 167 ad
200 151 305 167 Rhodanum
316 151 392 172 degente
403 151 493 167 missorum
504 152 559 172 prin-ia
570 157 591 167 eo
603 152 642 168 loco

95 180 159 196 mentio
174 180 249 199 inicitur,
264 185 298 201 quo
314 185 337 196 ex
350 181 432 201 temporis
444 180 503 196 ordine
514 186 536 196 ea
547 185 575 196 res
586 181 644 197 locum

95 209 159 226 habere
176 210 259 228 debebat,
277 215 291 225 c.
308 215 330 229 44
347 211 355 229 5
373 215 391 229 3:
407 212 444 226 tum
459 210 535 230 sequitur
551 210 643 231 descriptio

95 239 179 255 contionis
196 241 213 255 et
230 241 270 259 post
285 244 323 255 eam
339 244 352 255 c.
368 244 388 259 45
405 240 413 258 5
431 245 436 255 1
451 239 515 255 reditus
527 239 643 256 Numidanun.

95 268 163 284 Silenus
175 270 232 284 autem
244 268 268 289 (ut
279 273 289 284 e
300 268 350 284 Livio
362 268 438 289 apparet)
446 268 496 284 huius
503 268 528 284 rei
536 273 570 284 uno
578 271 644 284 tanturn

95 297 134 313 loco
149 297 252 313 mentionem
267 297 339 316 fecerat,
355 297 392 313 Liv.
403 303 417 313 ε,
431 302 451 317 29
463 299 471 317 5
486 303 491 313 ι
507 297 586 316 „interim
597 297 644 313 Han-

95 326 143 342 nibal
154 326 236 342 Numidas
248 325 330 342 miserat?
353 326 407 342 Aliud
418 326 517 347 exemplum
529 327 601 347 praebet
611 327 644 343 iter

95 355 180 376 Scipionis
195 360 206 371 a
221 355 278 371 littore
293 355 344 371 maris
360 355 382 371 ad
398 358 454 371 castra
468 355 564 371 Poenorum
576 356 645 372 deserta

95 384 167 403 factumz
183 389 197 400 c.
212 389 233 404 45
245 386 253 403 5
266 390 276 404 4
288 386 343 400 eastra
355 387 413 400 movet
424 384 491 405 Scipio;
503 389 517 400 c.
529 390 550 404 49
563 386 570 404 5
585 390 590 400 1
605 390 644 400 eum

94 413 184 429 advenisse
200 416 218 429 et
233 413 295 429 reverti
309 416 366 429 narrat
380 413 471 434 Polybius,
483 413 541 429 Livius
553 416 643 434 unumque

94 448 128 458 uno
143 443 182 458 loco
197 443 250 459 habet
264 448 278 458 c.
291 448 310 462 ³²
324 444 331 462 5
346 448 358 458 1.
382 442 411 459 Sic
422 443 481 459 Livius
492 445 583 463 postquam
595 448 609 459 ci
622 449 644 463 40

94 474 112 488 et
130 478 148 491 4¹
169 472 249 492 exposuit
263 472 357 488 orationem
373 471 457 492 Scipionis
474 472 496 488 ad
507 472 569 488 milites
581 472 643 488 factam

94 506 109 517 e.
127 506 147 520 45
164 502 172 520 5
186 506 191 516 ι
206 503 263 517 narrat
274 501 364 517 Romanos
377 501 456 517 Ticinum
467 503 520 522 ponte
531 501 613 520 iunxisse,
625 504 643 517 et

94 530 176 550 deinceps
196 531 204 549 5
222 535 231 549 3
250 530 480 546 Romanorum-exercitum
497 532 550 550 ponte
566 530 643 550 perfecto

94 559 172 575 Ticinum
189 559 293 578 traduxisse,
311 559 394 580 Polybius
413 559 456 575 vidit
473 561 543 580 pontem
559 564 593 575 non
608 561 643 575 tarn

94 588 173 604 celeriter
187 587 282 608 perfectum
294 593 332 604 esse
343 588 427 608 potuisse:
439 588 497 609 itaque
509 588 565 604 statim
578 588 643 609 Scipio-

93 622 133 633 nem
150 617 218 633 iussisse
235 617 287 633 tradit
302 619 372 638 pontem
388 617 436 638 iungi
451 617 470 638 (c.
487 619 508 637 64
522 619 530 637 5
544 617 565 638 ι),
577 620 595 633 et
606 620 643 633 turn

94 646 163 662 demum
183 647 216 662 hoc
233 646 327 667 praemisso
344 646 429 667 Scipionis
447 647 541 662 orationem
559 647 643 667 exposuit.

94 675 162 691 Deinde
177 675 277 696 insequente
293 675 320 691 die
336 676 387 691 tradit
402 676 422 696 (c.
438 677 458 695 65
475 677 483 695 5
501 675 513 696 1)
525 676 614 692 Romanos
625 676 643 691 in

94 705 175 720 ulteriore
196 704 234 725 ripa
253 704 308 721 Ticini
327 704 407 723 fluminis,
424 704 477 725 igitur
493 707 546 725 ponte
563 705 643 724 traiecto,

93 738 194 754 progressos
206 738 248 749 esse.
270 733 299 749 Sic
311 733 398 754 copiarum
409 733 473 749 Tiberii
485 739 495 749 e
507 733 566 749 Sicilia
576 733 642 754 profec-

93 765 120 779 tus
137 763 157 783 (c.
175 764 194 778 δι
208 764 216 782 5
231 762 247 783 9)
262 765 279 778 et
294 763 377 778 adventus
394 763 413 783 (c.
426 763 447 782 69
459 764 467 782 5
481 762 505 783 12)
517 762 588 778 diversis
600 762 642 778 locis

94 794 210 812 exponuntur,
227 794 316 812 utramque
333 796 369 807 rem
384 796 415 807 suo
431 791 470 807 loco
484 791 541 812 posuit
554 791 642 812 Polybius.

93 820 132 837 Hac
147 821 213 837 ratione
227 820 330 836 evidentiam
346 820 446 836 nan-ationis
457 823 514 841 auget.
527 830 548 832 ἡ
560 820 643 841 Prodigia

93 855 179 871 nunquam
191 849 261 866 tradidit
272 850 365 870 Polybius,
376 849 435 865 Livius
443 855 464 866 ea
469 852 549 865 accurate
555 850 642 870 apposuit,

94 882 112 895 et
123 879 207 895 interdum
220 882 292 900 apparet
303 884 342 895 cum
353 878 391 895 fons
403 879 497 895 eommunis
509 879 539 898 sit,
550 878 642 899 Polybium

94 913 115 924 ea
126 908 204 924 consulto
216 908 292 924 omisisse
304 908 337 929 (ex.
350 913 375 929 gr.
387 908 424 924 Liv.
436 913 450 923 c.
462 909 483 927 4⁶
495 909 503 927 5
517 913 530 926 1,
541 907 578 923 Pol.
587 913 600 923 c.
608 908 642 928 65);

93 940 172 953 auctores
187 937 256 958 Polybii
272 937 343 953 subinde
355 937 396 953 talia
407 936 497 953 tradidisse
508 937 582 953 ostendit
593 937 642 953 locus

93 966 161 987 Polybii
179 972 193 982 e.
213 972 242 982 112
260 968 268 986 5
286 967 296 982 8
312 971 336 987 ες,
352 975 372 978 -
384 966 472 982 Interdum
483 966 552 982 traditio
563 966 641 987 Polybii,

93 1001 197 1016 quamquam
214 995 305 1011 manifesto
322 1001 349 1011 ex.
367 996 428 1011 eodem
447 995 494 1011 fonte
512 995 573 1011 hausta
590 998 642 1016 atque

94 1025 145 1043 Livii,
157 1030 262 1046 magnopere
274 1025 313 1040 huic
324 1027 405 1045 praestat⁴
421 1024 472 1045 Quod
478 1025 578 1045 praesertim
584 1025 641 1040 evenit

94 1054 111 1070 in
123 1059 219 1075 pugnarum
231 1053 379 1074 descriptionibus3
391 1053 474 1074 Polybius
486 1059 524 1070 cum
535 1053 560 1069 rei
568 1053 641 1069 bellicae

95 1083 166 1104 egregie
177 1083 242 1104 peritus
253 1083 313 1099 melius
324 1083 434 1104 intellegeret
445 1083 518 1099 auctoris
527 1083 553 1099 sui
560 1083 641 1098 narratio—
