852 1269
465 71 496 89 158

207 119 283 137 dibilius,
302 119 342 139 quin
360 118 411 134 etiarn
430 118 479 134 unice
496 123 556 134 verum
573 123 610 134 esse
627 118 698 134 videtur.
727 118 753 134 Eo

207 150 284 168 tempure
303 153 342 163 cum
361 147 406 168 Agis
424 150 521 166 necaretur,
539 147 640 163 Cleomenes
657 152 700 168 puer
717 150 753 163 erat

208 177 281 193 necdum
296 177 371 195 adultus;
382 179 432 197 pater
443 176 479 192 eius
490 176 582 195 Leonidas,
594 181 632 192 cum
644 181 665 192 eo
677 176 753 197 Ampha-

207 211 234 222 res
251 208 269 222 et
286 205 346 226 reliqui
363 205 431 226 ephori,
446 205 478 221 soli
495 205 625 221 Lacedaemone
642 205 753 226 imperabant.

207 234 242 251 Sed
257 240 321 255 magna
336 239 376 255 pars
390 234 449 255 populi
460 234 537 255 Agidem
548 239 608 255 regem
619 234 703 250 desiderio
715 239 753 255 pro-

207 264 318 284 sequebatur,
335 264 362 279 cui
379 264 424 279 ultor
441 264 528 285 legitimus
543 268 578 279 non
593 263 636 279 alius
651 266 688 279 erat
702 268 754 284 quam

207 292 259 308 frater
281 292 405 311 Archidamus;
426 293 484 313 itaque
502 292 545 308 nihil
564 292 649 313 antiquius
667 292 754 308 habebant

207 321 275 342 ephori,
290 327 342 342 quam
356 324 375 337 ut
386 322 431 338 hunc
442 322 564 342 intercipiendo
575 321 703 342 praevenirent,
715 321 753 337 Cle-

207 350 263 366 omeni
274 351 307 366 hoc
318 350 361 366 nulli
372 355 423 366 curae
436 353 476 367 erat.
499 350 550 371 Quod
561 356 583 366 eo
594 350 649 371 mag-is
660 350 752 366 tenendum

207 382 241 398 est,
260 379 340 400 quoniam
359 379 440 395 cohaeret
459 384 498 395 cum
517 379 571 395 altera
590 379 697 400 quaestione,
716 379 754 399 quis

207 408 330 424 Archidamum
341 407 421 429 Spartam
429 413 516 424 reversum
524 408 658 430 interficiendum
664 408 753 424 curaverit.

229 437 250 453 Π.
268 437 351 458 Polybius
362 437 407 453 enim
419 438 470 453 tradit
481 437 498 458 ¹),
510 437 633 453 Archidamum
644 437 703 458 paullo
714 440 753 458 post

207 466 273 487 pan-iae
288 467 388 482 revisendae
403 466 492 487 cupidum,
506 472 517 482 a
529 466 620 483 Cleomene
632 466 699 482 veniam
711 466 753 487 peti-

207 495 252 511 visse
269 498 288 511 ut
305 495 384 516 Spartam
400 495 471 514 rediret,
487 500 559 516 eumque
573 496 625 511 stulte
637 496 673 511 eius
684 495 723 511 fidei
735 500 754 511 se

208 524 307 543 credidisse,
318 529 369 545 quem
380 524 439 545 paullo
450 527 490 540 ante
502 524 635 540 inimicissimum
645 527 692 540 recte
701 524 754 540 habu-

207 556 244 569 erat
254 553 269 574 Ὺ).
292 553 386 574 Nicagoras
402 553 447 569 enim
459 553 527 574 quidam
538 553 641 572 Messenius,
653 553 682 574 qui
694 554 754 569 domus

207 587 248 598 suae
263 585 281 598 et
296 582 371 598 omnium
385 583 468 598 bonorum
479 582 569 598 Messenae
581 582 703 598 Archidamum
714 587 752 602 pas-

207 611 277 632 tieipem
288 611 360 630 fecerat,
371 616 403 632 pro
414 611 482 632 hospite
493 616 525 627 suo
537 616 575 627 cusn
587 611 679 627 Cleomene
691 611 727 632 egit
736 613 754 627 et

207 640 275 656 veniam
286 640 368 656 redeundi
376 640 478 661 impetravit„
492 640 615 656 Archidamum
623 645 661 656 curn
667 640 754 661 Nicagora

208 669 287 690 Spartam
302 674 389 685 reversum
401 670 458 686 statim
470 670 571 686 Cleomenes
582 669 668 689 interficit,
679 669 753 690 Nicago-

208 703 237 715 rae
248 699 307 719 pascit.
323 699 379 714 Huius
390 698 472 719 perfidiae
483 699 541 715 multis
550 699 597 715 annis
605 701 645 720 post
652 698 753 715 Cleomenes

208 732 272 748 poenas
283 728 334 744 dedit.
357 727 453 749 Nicagoras
464 728 517 747 euim,
529 728 636 744 simulatione
648 728 693 749 grati
703 728 754 743 animi

209 759 226 772 et
243 757 335 775 amicitiae,
352 762 392 773 cum
407 757 517 773 Cleomenem
532 757 549 773 in
564 757 647 778 Aegypto
662 757 685 773 ad
698 757 755 773 aula-m

209 786 304 802 Ptolemaei
316 786 420 805 conveniret,
432 786 450 802 in
461 786 512 802 fidem
521 786 557 802 eius
564 791 583 802 se
591 786 687 805 insinuavit,
693 786 755 802 deinde

208 814 276 831 Sosibio
287 815 366 838 prodidit<
378 824 399 826 —
411 808 518 836 Phylarchus
526 818 583 831 autem
591 815 612 831 de
618 815 651 831 hac
656 815 754 836 Nicagorae

209 844 304 864 proditione
320 844 365 860 idem
380 844 415 860 fere
431 844 506 867 scripsit,
517 844 548 860 sed
560 844 596 860 eius
608 844 642 860 odii
654 844 705 860 aliam
716 849 755 860 cau-

209 878 246 889 sam
264 872 324 892 fuisse,
343 873 416 893 pretium
437 873 502 893 praedii
519 878 553 889 non
570 873 644 889 solutum
658 873 679 893 ⁸);
696 876 755 889 eontra

208 902 331 918 Archidamum
346 903 368 918 ab
385 902 422 923 ipso
438 902 530 918 Cleomene
543 902 561 918 in
572 902 644 923 patriam
655 905 755 918 revocatura

209 936 253 950 esse,
265 931 294 952 qui
305 936 377 952 regnum
388 932 453 952 duplex
465 932 550 952 integ-rum
561 931 650 948 restituere
660 931 754 950 statuisset,

208 963 227 976 ut
245 961 346 981 ephororum
361 960 435 981 gratiam
450 963 468 977 et
483 961 600 977 auctoritatem
612 965 685 981 aequare
697 963 715 976 et
726 966 754 976 co-

230 1030 267 1050 “)1’4
278 1030 297 1045 V·
308 1034 327 1049 37
338 1032 345 1048 ξ
356 1036 364 1045 2
375 1035 403 1050 sqq

229 1054 242 1075 ²)
252 1055 282 1070 cer.
293 1055 335 1070 vm*
347 1055 364 1070 rb
374 1057 381 1074 ξ
392 1056 431 1075 3-6

230 1079 242 1100 ³)
252 1080 289 1095 Plut.
301 1080 357 1095 Cleom-
368 1085 382 1095 e.
393 1084 417 1099 35.
