852 1269
478 75 498 93 7⁶

232 121 264 137 His
276 121 373 141 praemissis
384 121 406 137 de
417 121 485 142 Polybii
497 121 579 140 fontibus,
591 125 669 142 superest
680 124 699 138 ut
706 127 757 142 quae-

210 155 266 166 ramus
277 151 299 166 de
311 150 387 166 eiusdem
398 150 436 166 fide.
459 150 487 166 De
498 151 531 166 hoc
543 151 590 166 bello
602 151 631 167 alii
642 150 698 166 fontes
707 151 758 167 nobis

209 181 278 199 praesto
296 182 343 198 sunt,
360 184 403 199 quos
418 179 447 200 qui
462 179 550 195 historiam
565 180 689 200 pragmaticam
703 180 725 196 de
737 185 758 196 eo

210 208 284 224 seribere
296 208 376 227 instituit,
387 208 453 224 nonnisi
465 214 528 229 magno
540 214 571 224 suo
583 211 601 225 et
612 209 689 225 veritatis
695 210 758 225 damno

209 237 311 258 neglexerit.
337 237 377 258 Ipse
394 237 477 258 Polybius
494 237 577 253 lectorem
594 240 652 254 monet
669 243 690 254 ne
708 238 757 254 nimis

210 268 298 286 expectem
314 266 370 282 omnia
384 266 445 282 sedulo
457 271 543 285 enarrare,
555 267 586 285 ait,
598 272 632 282 non
643 267 757 283 necessarium

209 295 258 311 nobis
272 300 309 311 esse
325 295 419 311 videbatur.
442 295 480 311 Non
492 295 537 311 enim
549 295 571 311 de
582 296 615 311 hoc
626 295 673 311 bello
685 296 757 317 diligen—

209 327 235 340 ter
250 329 309 340 verum
325 324 408 345 indagare
419 324 500 345 (ἱσταρεῖν)
512 324 616 343 induximus,
628 325 658 340 sed
670 325 718 340 brevi
730 330 758 340 res

208 353 309 374 praecipuas
326 356 397 374 tangere
415 353 433 374 (1.
451 359 465 369 c.
484 359 502 373 ¹³
520 355 528 373 5
545 355 554 369 6
570 353 616 374 sqq).
639 354 677 369 Res
692 354 709 369 in
724 354 758 370 hoc

208 382 255 398 bello
271 382 361 403 quotannis
376 385 435 403 gestas
451 387 489 398 cum
503 387 544 398 cura
555 388 565 398 e
577 383 659 403 Polybio,
671 383 757 401 Diodoro,

208 411 280 430 Zonara,
295 411 333 427 aliis
349 412 429 432 exposuit
444 411 466 427 H.
482 411 500 428 C.
516 411 606 428 Michaelis
616 411 635 432 ¹),
650 412 728 428 cuicum
739 412 756 428 in

208 440 266 456 multis
278 441 329 456 rebus
341 440 431 459 assentiar,
443 441 460 456 in
472 441 540 456 duobus
551 443 618 459 contra,
630 441 681 456 rebus
690 441 757 462 Reguli

208 469 229 490 (p.
244 469 343 490 133-149),
355 471 373 485 et
384 469 435 485 rebus
446 469 485 485 anni
498 474 529 489 ²47
542 470 563 490 (p.
578 469 613 490 ¹73)
624 470 702 486 assentiri
710 470 757 485 nullo

208 499 260 514 modo
271 503 346 519 possum.

231 527 313 548 Polybius
328 527 342 543 si
356 527 395 547 plus
411 527 459 543 dedit
470 532 521 548 quam
533 527 617 547 promisit,
630 529 648 543 et
659 527 681 543 de
692 527 758 548 aliquot

208 556 260 572 rebus
276 556 334 575 brevi,
349 556 371 572 de
387 556 425 572 aliis
441 559 500 572 contra
515 556 600 572 uberrime
616 556 704 576 exposuit,
716 561 757 572 sane

208 590 239 601 suo
256 585 292 601 iure
310 585 350 606 egit.
374 585 409 601 Sed
427 585 490 601 idcirco
505 585 542 601 iure
558 585 695 606 reprehenditur,
711 585 757 605 quod

208 614 274 635 aliquot
285 619 312 630 res
323 614 373 630 nimis
384 614 499 635 neglegenter
510 614 596 633 tractavit;
605 619 626 630 eo
634 614 690 635 magis
696 619 757 630 caven-

208 643 249 659 dum
261 646 288 659 est
298 648 320 659 ne
332 643 370 663 quis
382 648 404 659 ex
416 648 437 659 eo
448 643 485 659 solo
497 648 524 659 res
536 643 586 659 huius
597 643 639 659 bell-i
651 648 756 664 cognoscen-

208 672 239 688 das
258 677 295 688 esse
313 672 376 688 credat.
404 672 449 688 Nam
466 672 542 692 graviter
560 672 577 688 in
594 672 676 692 temporis
691 672 757 688 ratione

208 701 275 717 erravit.
300 701 361 717 Annus
380 701 422 717 belli
444 706 462 721 ¹³
484 701 503 722 (a.
526 701 563 721 252)
584 701 626 717 nihi]
646 701 757 717 memorabile

208 730 298 746 obferebat
316 730 348 745 nisi
367 730 413 750 quod
431 730 516 745 Thermae
533 732 551 745 et
568 729 631 750 Lipara
647 734 657 745 a
672 729 756 745 Romanis

209 761 270 779 captae
285 761 324 774 sunt
337 759 361 779 (P⁴
372 759 385 774 I.
398 764 418 778 39
431 760 439 778 ἓ
453 759 486 779 13);
498 759 548 774 huius
560 758 599 774 aru-ii
611 759 690 774 consules
702 758 757 774 Aure—

208 788 250 803 lium
262 787 330 804 Cottam
342 791 359 804 et
371 787 464 804 Servilium
476 787 568 804 Geminum
579 793 613 803 non
624 787 718 803 nominavit
729 787 757 806 P.,

208 817 239 832 sed
251 822 265 832 c.
277 822 298 836 ³9
311 818 318 836 ἓ
333 822 338 832 1
353 817 432 832 eonsules
444 817 483 832 anni
496 822 536 836 253,
548 818 574 836 §8
583 817 662 832 eonsules
671 816 711 832 anni
721 821 757 836 251,

208 846 288 862 nominat.
306 846 373 861 Deinde
385 851 399 861 c.
412 851 433 866 ³⁴3
445 847 453 865 ἓ
468 851 486 865 15
498 846 574 861 nominat
586 846 664 861 consules
672 846 711 861 anni
718 851 757 865 250;

209 880 223 891 1:⁴
239 880 260 894 40
276 875 366 890 revertitur
381 875 404 890 ad
419 880 434 890 a-
451 880 491 894 ²5¹·
503 877 521 890 ut
533 876 624 895 apparetfi
639 880 655 893 ¹3
667 879 681 890 e.
693 880 712 894 4¹
727 876 757 894 §4

208 909 266 919 rursus
278 904 300 919 ad
311 909 374 919 annum
388 909 419 923 ²50
431 903 483 922 redit,
496 906 513 919 et
524 909 547 919 ne
558 904 613 920 lector
624 908 651 919 res
663 904 757 924 perturbet,

209 932 256 948 addit
272 933 318 948 hunc
335 932 387 948 fuisse
405 932 446 948 belli
464 937 526 948 annum
547 938 574 952 14;
589 932 620 948 sed
636 932 672 953 ipse
686 932 757 951 erravit,

209 961 273 978 oblitus
284 967 303 977 se
314 962 354 977 anni
365 962 410 977 tertii
422 964 440 977 et
451 962 513 977 decimi
521 962 600 977 consules
609 961 692 980 omisisse;
700 961 757 977 dicere

210 991 293 1007 debuerat
309 996 348 1007 eum
363 996 401 1007 esse
416 991 458 1007 belli
473 996 535 1007 annum
553 996 576 1010 ¹5-
599 990 644 1006 Hinc
656 990 719 1007 hatum
731 993 758 1006 est

210 1022 230 1036 ut
247 1020 326 1036 consules
343 1020 382 1035 anni
402 1021 421 1036 16
439 1020 529 1036 Claudium
548 1020 641 1035 Pulchrum
657 1022 674 1035 et
690 1019 757 1035 Iunium

234 1080 243 1101 ¹)
254 1080 352 1099 Quaestiones
362 1080 381 1095 de
392 1080 431 1096 bello
442 1080 498 1095 Punico
509 1080 565 1099 primo,
575 1080 616 1095 Trai.
626 1080 646 1095 ad
657 1080 705 1095 Rheu.
714 1081 757 1099 1846.
