852 1269
462 59 484 72 40

221 101 303 117 Homines
318 104 384 120 autern,
400 102 432 120 ait,
448 107 487 117 cum
500 104 540 122 post
551 102 633 117 diluvium
646 102 747 122 congregati

198 131 255 147 denuo
270 133 335 149 essent,
351 131 367 146 ei
381 131 488 147 obediverint
499 136 570 147 necesse
582 133 616 149 est,
627 131 658 151 qui
669 131 747 146 maximis

198 159 262 175 viribus
280 159 330 175 animi
346 162 364 175 et
378 160 440 175 robore
456 160 532 180 eorporis
547 164 577 175 eos
591 159 683 175 defendere
695 162 713 176 et
724 160 747 175 acl

198 189 314 205 obedientiam
325 194 388 209 cogere
400 191 459 209 posset
470 189 488 209 (c.
501 194 510 208 5
523 190 531 208 ἓ
544 189 563 209 7).
585 189 630 204 Num
641 194 702 205 revera
713 189 746 205 hoc
759 200 761 202 v

198 218 223 234 ita
238 220 307 238 gestum
323 218 345 234 sit
359 218 410 238 (quod
423 218 534 234 vehementer
546 218 621 238 dubito),
632 223 673 233 num
684 223 694 233 e
705 218 747 238 pris-

198 251 257 262 corum
272 246 382 267 scriptorum,
397 249 417 262 ut
432 246 511 265 Homeri,
528 247 631 262 carminibus
646 247 711 267 aliquid
725 247 747 262 de

198 275 219 291 iis
230 276 282 291 rebus
293 275 375 296 cog-nosci
387 275 441 296 possit
452 275 477 296 (ut
488 278 547 291 censet
558 275 622 296 Plato),
633 281 674 291 num
682 276 746 296 aliquid

198 304 265 320 intersit
280 304 334 323 „inter
345 304 487 325 patriarcharum”
499 307 517 320 et
524 304 591 325 reg-ium
599 304 696 325 imperium,
704 305 747 320 haec

198 334 281 354 indagare
297 338 332 349 non
343 334 386 350 tanti
397 339 435 349 esse
446 334 515 349 videtur
526 334 608 354 Polybio;
622 339 701 352 „necesse
713 334 747 350 est’'

198 362 273 384 (ἀνάγκη)
288 363 320 381 ait3
336 362 382 378 ferae
397 363 443 378 enim
454 363 506 378 etiam
517 363 542 379 ita
552 363 621 382 vivunt,
633 362 657 382 οἷς
669 363 705 383 ὅρος
716 363 746 383 μέν

199 392 232 408 ἔστι
245 394 272 413 τῆς
284 393 334 413 ἀρχῆς
347 392 400 413 ι’σχιΙς,
412 393 463 412 ὄνομα
476 391 513 408 'Thr
526 392 569 408 εἴποι
581 398 606 410 τις
617 393 714 413 μοναρχίαν.

220 421 239 437 Α
250 421 327 437 Platonis
338 421 433 437 imitatione
445 426 525 440 exorsus,
537 421 582 437 hune
594 421 657 437 deserit
664 421 748 442 Polybius

198 450 229 466 ubi
244 450 267 466 ad
281 449 382 466 firmandam
398 450 495 470 opinionem
509 452 636 470 praesumptam
652 450 686 465 alia
702 455 747 466 eom-

198 479 264 495 minisci
281 479 298 495 ei
315 479 393 499 expedit3
409 479 501 494 Romanae
516 478 590 495 civitatis
606 479 679 498 initium,
696 484 748 499 reges

198 508 264 524 Albani
283 510 300 524 et
319 508 406 524 Romulus
425 508 478 524 menti
497 508 534 524 eius
553 508 674 527 obversantur;
693 511 711 524 et
728 511 747 524 ut

199 537 278 553 ostendat
289 537 413 558 rempublicam
425 537 523 553 Romanam
532 537 624 553 obnoxiam
632 542 670 553 esse
678 537 746 558 leg-ibus

198 566 280 585 aeternis,
296 571 319 582 ex
335 566 388 587 ipsius
403 566 508 587 reipublicae
520 566 611 582 Romanae
623 566 691 582 casibus
703 566 747 582 tales

172 609 174 611 .
198 595 249 616 leges
265 595 316 616 fingit
333 598 350 611 et
367 595 390 611 ad
406 595 513 611 voluntatem
530 600 579 611 suam
596 596 653 611 omnia
668 596 747 616 exponit,

198 624 241 641 nihil
252 624 275 640 ad
285 624 380 641 veritatem.
398 624 482 645 Polybius
493 624 566 641 Platone
578 625 645 641 deserto
657 625 690 641 hoc
696 625 747 641 modo

198 653 234 669 sere
249 653 342 670 formarum
357 654 466 670 transitiones
480 654 559 674 exponit:
577 654 661 669 Dominus
674 654 748 674 primum

199 688 231 699 rex
248 682 303 699 factus
320 685 347 699 est
362 683 381 703 (c.
398 688 407 702 5
424 680 434 702 ς
450 688 469 699 10
485 692 506 694 —
521 688 535 699 e.
549 688 557 703 7
570 684 577 702 ἓ
590 683 613 703 6):
626 688 675 702 „cum
686 683 748 699 deinde

199 712 272 728 iniustus
289 717 327 728 esse
344 712 428 733 coeperit,
443 712 488 733 perit
502 712 545 728 illud
561 712 607 728 illico
622 717 678 733 genus
693 715 711 728 et
722 714 749 728 est

200 742 246 757 idem
262 741 292 757 ille
309 744 398 762 tyrannus:
414 746 466 762 quem
482 741 496 757 si
511 741 603 762 optimates
619 743 748 762 oppresserunt,

199 771 246 791 quod
261 770 315 786 ferme
330 770 410 786 usuvenit
420 769 447 791 1)”,
459 770 556 791 respublica
567 770 584 786 in
596 775 655 786 eorum
666 770 748 786 ditionem

199 800 247 815 venit
261 800 288 820 (—
304 804 318 815 c.
334 801 343 815 8
360 801 368 819 5
380 799 399 820 4).
423 799 458 815 Sed
469 801 560 820 postquam
571 799 602 815 filii
613 804 681 818 eorum,
693 799 747 815 libidi-

199 833 239 844 nem
261 833 310 844 suam
329 828 385 849 magis
404 833 456 848 quam
476 828 550 844 civitatis
568 828 641 844 salutem
661 831 747 847 curantes,

199 857 269 878 plebem
284 857 381 878 opprimere
396 860 498 877 coeperunt,
512 857 582 878 exurgit
593 857 653 878 aliquis
665 857 748 873 libertatis

199 886 272 905 vindex,
284 889 302 902 et
313 887 387 907 populus
398 886 487 907 imperium
499 886 531 902 sibi
543 886 616 902 adsumit
627 886 654 907 (—
666 891 680 902 e.
692 892 702 906 9
712 888 720 905 ἓ
729 886 748 906 4),

200 915 229 936 qui
240 916 281 931 dum
292 915 398 936 superiorum
406 915 522 931 calamitatum
529 920 594 931 memor
600 915 659 936 legum
665 915 748 936 religione

200 949 219 961 se
231 944 305 966 obligari
317 944 388 965 patitur,
400 945 445 960 bene
456 944 508 960 utitur
516 944 601 965 potentia;
609 949 651 960 mox
658 944 749 965 insequens

200 976 257 993 aetas,
269 978 335 989 summa
346 973 415 989 lieentia
427 976 503 992 assueta,
514 973 532 989 in
543 973 605 989 divites
616 973 682 989 saevire
692 973 749 994 coepit

201 1005 219 1019 et
234 1003 327 1019 insolenter
342 1008 361 1018 se
376 1002 430 1023 gerit,
446 1003 500 1018 donec
516 1007 571 1018 novus
586 1005 660 1023 exurgat
671 1002 749 1018 dominus

223 1063 233 1084 ¹)
249 1063 280 1079 Cic.
295 1064 334 1083 Rep.
345 1064 357 1078 1.
368 1068 382 1078 c.
393 1068 420 1082 42,
431 1063 457 1082 qui
467 1063 505 1078 haec
515 1068 524 1078 e
533 1062 592 1082 Polybii
602 1062 640 1078 libro
651 1063 672 1077 VI
683 1062 750 1082 sumpsit.
