852 1269
473 65 502 75 ποι

214 108 277 124 Dicere
292 113 326 124 non
341 113 431 128 possumus
446 108 492 128 apud
507 112 596 128 quemnam
611 108 697 123 annalium
709 108 759 128 scrip-

215 139 269 153 torem
284 137 303 152 id
318 137 381 157 legerit
395 136 461 155 Livius;
477 137 528 152 credo
543 137 589 157 apud
604 141 664 152 omnes
679 141 718 152 nam
730 141 760 152 eae

215 167 277 182 breves
293 166 411 182 adnotationes
423 171 433 181 e
444 165 491 181 libris
503 165 546 181 alius
557 166 643 181 annalium
655 165 729 181 auctoris
741 166 762 181 ad

215 195 259 211 alius
275 195 390 216 perfluebant,
405 199 509 215 quamquam
519 199 553 210 non
564 200 632 215 semper
643 195 716 211 eandem
727 200 761 210 ser—

215 225 279 240 vabant
294 224 373 243 formam,
385 224 416 240 sed
427 224 512 240 interdum
523 229 562 240 cum
572 224 693 245 prolixioribus
704 229 760 240 nma-

216 254 290 269 tionibus
308 253 465 269 commiscebantur.
497 253 554 269 Etiam
573 253 636 269 Fabius
655 253 695 269 huic
714 253 762 269 brevi

216 285 267 298 notae
284 282 340 303 mag-is
355 282 442 302 copiosam
457 282 570 298 narrationem
584 287 641 298 rerum
656 287 677 298 eo
689 282 763 298 tumultu

217 313 304 332 gestarum
318 311 403 327 addidisse
417 311 492 330 videtur,
503 311 583 331 quoniam
594 311 678 331 Polybius
690 316 729 326 eam
741 316 763 326 ex

217 345 238 356 eo
249 340 309 356 hausit.

239 368 278 384 Hoc
296 369 347 384 modo
364 369 466 389 explicanda
482 374 519 384 esse
535 368 595 389 opinor
609 373 631 384 ea
646 369 699 384 verba
715 368 763 384 Livii.

218 398 288 413 Nullum
305 397 340 413 fere
358 397 443 414 Gallicum
459 398 524 414 bellurn
542 398 672 413 describendum
689 397 764 413 habebat

195 424 198 428 ⁸
218 427 258 448 quin
273 427 348 447 aliquam
362 427 507 448 perturbationem
521 427 549 443 vel
563 427 657 443 dissensum
669 426 764 442 offenderet

218 456 235 471 in
247 456 344 472 auctoribus
355 461 398 476 quos
409 456 506 472 adhibebat.
530 455 586 476 Saepe
597 456 615 471 id
626 456 678 472 etiam
690 461 763 476 conque-

218 487 254 501 stus
269 487 299 500 est.
321 484 355 500 Hic
370 484 456 505 (Claudius
471 485 501 500 VI.
515 490 529 501 c.
545 484 571 505 4²)
582 490 658 505 pugnam
670 485 730 500 Manlii
741 485 764 500 ad

219 514 265 529 aliud
280 513 345 529 bellurn
360 513 452 532 referebam
468 514 497 529 ille
511 513 590 534 (Licinius
602 513 661 529 Macer
672 513 711 529 VII.
723 518 737 529 c.
749 513 764 534 9)

220 543 320 558 dictatorem
333 542 431 563 Quinctium
443 543 465 558 ob
477 542 537 558 Gallos
548 545 624 558 creatum
636 547 674 558 esse
685 543 765 563 negabat⁴

219 571 261 587 Mihi
276 576 376 592 persuasum
390 573 424 590 est,
436 571 503 587 Livium
515 571 556 587 satis
567 571 621 587 libere
632 576 672 587 cum
683 571 717 587 illis
727 576 765 587 nai·-

219 600 313 616 rationibus
328 600 392 621 egisse,
407 603 425 616 et
440 600 458 616 id
472 603 538 616 annun
554 600 658 621 spectavisse
673 602 692 616 ut
706 605 765 616 omnes

220 629 294 648 fabulas,
306 635 316 645 a
327 634 434 650 quocumque
446 629 524 648 nuditas,
536 629 553 645 in
561 629 614 645 libros
622 634 663 645 suos
671 629 765 650 colligeret,

207 672 209 674 .
220 661 246 677 et,
261 658 383 675 recentioribus
397 659 487 674 annalibus
502 659 571 677 ductus,
582 663 614 679 per
624 659 701 679 singulos
713 664 766 674 annos

221 688 269 708 quasi
288 688 400 703 distribueret.
431 687 466 704 Sed
485 690 503 704 ut
522 688 554 704 hos
573 692 627 703 annos
646 687 766 707 constitueret,

221 722 276 737 neque
288 716 392 732 dubitatione
403 721 459 737 neque
471 716 539 732 lieentia
551 722 593 737 opus
605 719 649 735 eran
662 716 678 732 ei
689 719 737 733 erant
744 717 767 732 ad

221 751 264 766 quos
280 746 298 761 in
315 746 388 766 antiquis
404 745 494 761 annalibus
511 746 610 761 adnotatum
627 746 707 766 legebat:
724 746 767 765 „hoc

207 777 210 780 ⁴
222 780 266 790 anno
278 774 340 791 Gallici
347 775 430 790 turnultus
437 774 538 795 praecipuus
546 777 600 790 terror
607 774 694 790 civitatem
701 774 767 793 tenuit'ss

222 804 251 819 vel
264 803 319 822 „Galli
331 804 352 819 ad
364 803 432 819 tertium
444 804 518 824 lapidem
530 803 596 819 Salaria
607 803 635 819 via
643 806 689 819 trans
697 806 767 824 pontem

221 832 293 848 Anienis
309 835 365 849 castra
378 832 463 848 habuere”
477 832 520 853 (vn.
533 838 542 853 9
555 834 562 852 ξ
574 832 598 853 6),
609 832 638 848 vel
649 832 713 853 aliquid
725 832 767 848 eius-

222 862 268 877 modi
278 860 292 881 ¹).
554 861 556 863 ’

244 890 271 906 Ita
283 890 346 906 factum
358 893 384 906 est
395 893 415 906 ut
426 890 462 907 fere
474 891 496 907 ad
507 891 576 907 eosdem
586 896 639 906 annos
647 891 693 911 apud
700 890 768 906 Livium

223 922 240 935 et
257 919 348 940 Polybium
365 919 447 940 (Fabium)
461 920 565 936 narrationes
579 920 667 940 appositas
680 920 767 940 legamus,

224 953 268 969 quae
286 948 354 965 omnino
371 949 457 965 conciliari
473 954 507 964 uon
524 949 597 969 possint,
612 949 640 964 vel
656 949 678 964 ad
692 949 768 964 diversos

246 1018 256 1038 ¹)
267 1018 311 1033 Tales
320 1018 373 1034 breves
383 1021 435 1037 notae,
446 1023 483 1038 quas
493 1018 570 1038 plerasque
580 1018 626 1034 habet
632 1018 689 1037 Livius,
695 1018 770 1033 interdum

223 1043 268 1059 effla-m
279 1046 346 1063 specta-re
356 1043 425 1059 videntur
435 1043 455 1059 ad
465 1043 496 1059 illas
506 1043 599 1063 praedonum
610 1043 700 1059 incursiones
710 1043 730 1058 de
740 1043 770 1062 qui-

222 1068 251 1084 bus
261 1073 306 1088 supra
315 1068 349 1083 dixi.
